%YAML 1.1
%TAG !u! tag:unity3d.com,2011:
--- !u!1 &6807550600108457342
GameObject:
  m_ObjectHideFlags: 0
  m_CorrespondingSourceObject: {fileID: 0}
  m_PrefabInstance: {fileID: 0}
  m_PrefabAsset: {fileID: 0}
  serializedVersion: 6
  m_Component:
  - component: {fileID: 5208450118383526582}
  m_Layer: 0
  m_Name: CompleteWall
  m_TagString: Untagged
  m_Icon: {fileID: 0}
  m_NavMeshLayer: 0
  m_StaticEditorFlags: 0
  m_IsActive: 1
--- !u!4 &5208450118383526582
Transform:
  m_ObjectHideFlags: 0
  m_CorrespondingSourceObject: {fileID: 0}
  m_PrefabInstance: {fileID: 0}
  m_PrefabAsset: {fileID: 0}
  m_GameObject: {fileID: 6807550600108457342}
  m_LocalRotation: {x: 0, y: 0, z: 0, w: 1}
  m_LocalPosition: {x: 0, y: 0, z: 24}
  m_LocalScale: {x: 1, y: 1, z: 1}
  m_Children:
  - {fileID: 52995781646872740}
  - {fileID: 2463825226531284418}
  - {fileID: 6523888903379726338}
  m_Father: {fileID: 0}
  m_RootOrder: 0
  m_LocalEulerAnglesHint: {x: 0, y: 0, z: 0}
--- !u!1001 &1371638004721370229
PrefabInstance:
  m_ObjectHideFlags: 0
  serializedVersion: 2
  m_Modification:
    m_TransformParent: {fileID: 6523888903379726338}
    m_Modifications:
    - target: {fileID: 2930828334980221318, guid: 0df460433fd11424aa0dd94808415086,
        type: 3}
      propertyPath: m_Name
      value: Window-Wall (1)
      objectReference: {fileID: 0}
    - target: {fileID: 8706194579825651419, guid: 0df460433fd11424aa0dd94808415086,
        type: 3}
      propertyPath: m_RootOrder
      value: 3
      objectReference: {fileID: 0}
    - target: {fileID: 8706194579825651419, guid: 0df460433fd11424aa0dd94808415086,
        type: 3}
      propertyPath: m_LocalPosition.z
      value: 0
      objectReference: {fileID: 0}
    - target: {fileID: 8706194579825651419, guid: 0df460433fd11424aa0dd94808415086,
        type: 3}
      propertyPath: m_LocalPosition.x
      value: 16
      objectReference: {fileID: 0}
    m_RemovedComponents: []
  m_SourcePrefab: {fileID: 100100000, guid: 0df460433fd11424aa0dd94808415086, type: 3}
--- !u!1001 &2435128462069161081
PrefabInstance:
  m_ObjectHideFlags: 0
  serializedVersion: 2
  m_Modification:
    m_TransformParent: {fileID: 5208450118383526582}
    m_Modifications:
    - target: {fileID: 5751942451329097323, guid: 1f88671747648c84698e3eddede98d0b,
        type: 3}
      propertyPath: m_Name
      value: SideA (1)
      objectReference: {fileID: 0}
    - target: {fileID: 8881892362836307067, guid: 1f88671747648c84698e3eddede98d0b,
        type: 3}
      propertyPath: m_LocalPosition.x
      value: 0
      objectReference: {fileID: 0}
    - target: {fileID: 8881892362836307067, guid: 1f88671747648c84698e3eddede98d0b,
        type: 3}
      propertyPath: m_LocalPosition.y
      value: 0
      objectReference: {fileID: 0}
    - target: {fileID: 8881892362836307067, guid: 1f88671747648c84698e3eddede98d0b,
        type: 3}
      propertyPath: m_LocalPosition.z
      value: 0
      objectReference: {fileID: 0}
    - target: {fileID: 8881892362836307067, guid: 1f88671747648c84698e3eddede98d0b,
        type: 3}
      propertyPath: m_LocalRotation.x
      value: -0
      objectReference: {fileID: 0}
    - target: {fileID: 8881892362836307067, guid: 1f88671747648c84698e3eddede98d0b,
        type: 3}
      propertyPath: m_LocalRotation.y
      value: 1
      objectReference: {fileID: 0}
    - target: {fileID: 8881892362836307067, guid: 1f88671747648c84698e3eddede98d0b,
        type: 3}
      propertyPath: m_LocalRotation.z
      value: -0
      objectReference: {fileID: 0}
    - target: {fileID: 8881892362836307067, guid: 1f88671747648c84698e3eddede98d0b,
        type: 3}
      propertyPath: m_LocalRotation.w
      value: 0
      objectReference: {fileID: 0}
    - target: {fileID: 8881892362836307067, guid: 1f88671747648c84698e3eddede98d0b,
        type: 3}
      propertyPath: m_RootOrder
      value: 2
      objectReference: {fileID: 0}
    - target: {fileID: 8881892362836307067, guid: 1f88671747648c84698e3eddede98d0b,
        type: 3}
      propertyPath: m_LocalEulerAnglesHint.x
      value: 0
      objectReference: {fileID: 0}
    - target: {fileID: 8881892362836307067, guid: 1f88671747648c84698e3eddede98d0b,
        type: 3}
      propertyPath: m_LocalEulerAnglesHint.y
      value: 180
      objectReference: {fileID: 0}
    - target: {fileID: 8881892362836307067, guid: 1f88671747648c84698e3eddede98d0b,
        type: 3}
      propertyPath: m_LocalEulerAnglesHint.z
      value: 0
      objectReference: {fileID: 0}
    m_RemovedComponents: []
  m_SourcePrefab: {fileID: 100100000, guid: 1f88671747648c84698e3eddede98d0b, type: 3}
--- !u!4 &6523888903379726338 stripped
Transform:
  m_CorrespondingSourceObject: {fileID: 8881892362836307067, guid: 1f88671747648c84698e3eddede98d0b,
    type: 3}
  m_PrefabInstance: {fileID: 2435128462069161081}
  m_PrefabAsset: {fileID: 0}
--- !u!1001 &2656466845437212852
PrefabInstance:
  m_ObjectHideFlags: 0
  serializedVersion: 2
  m_Modification:
    m_TransformParent: {fileID: 2463825226531284418}
    m_Modifications:
    - target: {fileID: 9128246347783788243, guid: a88b19301bbb18c43a45599eff4035ab,
        type: 3}
      propertyPath: m_Name
      value: Wall-Window (1)
      objectReference: {fileID: 0}
    - target: {fileID: 9195778579874698544, guid: a88b19301bbb18c43a45599eff4035ab,
        type: 3}
      propertyPath: m_RootOrder
      value: 2
      objectReference: {fileID: 0}
    - target: {fileID: 9195778579874698544, guid: a88b19301bbb18c43a45599eff4035ab,
        type: 3}
      propertyPath: m_LocalPosition.x
      value: 8
      objectReference: {fileID: 0}
    - target: {fileID: 9195778579874698544, guid: a88b19301bbb18c43a45599eff4035ab,
        type: 3}
      propertyPath: m_LocalPosition.z
      value: 0
      objectReference: {fileID: 0}
    m_RemovedComponents: []
  m_SourcePrefab: {fileID: 100100000, guid: a88b19301bbb18c43a45599eff4035ab, type: 3}
--- !u!4 &6575358126373006724 stripped
Transform:
  m_CorrespondingSourceObject: {fileID: 9195778579874698544, guid: a88b19301bbb18c43a45599eff4035ab,
    type: 3}
  m_PrefabInstance: {fileID: 2656466845437212852}
  m_PrefabAsset: {fileID: 0}
--- !u!1001 &3646360066028515230
PrefabInstance:
  m_ObjectHideFlags: 0
  serializedVersion: 2
  m_Modification:
    m_TransformParent: {fileID: 282771892728953649}
    m_Modifications:
    - target: {fileID: 362626136976258049, guid: e190b9198d3b9e548a3e8befc29bc998,
        type: 3}
      propertyPath: m_Name
      value: BasicWall (2)
      objectReference: {fileID: 0}
    - target: {fileID: 362626136976025633, guid: e190b9198d3b9e548a3e8befc29bc998,
        type: 3}
      propertyPath: m_RootOrder
      value: 2
      objectReference: {fileID: 0}
    - target: {fileID: 362626136976025633, guid: e190b9198d3b9e548a3e8befc29bc998,
        type: 3}
      propertyPath: m_LocalPosition.x
      value: -4
      objectReference: {fileID: 0}
    m_RemovedComponents: []
  m_SourcePrefab: {fileID: 100100000, guid: e190b9198d3b9e548a3e8befc29bc998, type: 3}
--- !u!1001 &4355516612447133418
PrefabInstance:
  m_ObjectHideFlags: 0
  serializedVersion: 2
  m_Modification:
    m_TransformParent: {fileID: 2463825226531284418}
    m_Modifications:
    - target: {fileID: 2930828334980221318, guid: 0df460433fd11424aa0dd94808415086,
        type: 3}
      propertyPath: m_Name
      value: Window-Wall (1)
      objectReference: {fileID: 0}
    - target: {fileID: 8706194579825651419, guid: 0df460433fd11424aa0dd94808415086,
        type: 3}
      propertyPath: m_RootOrder
      value: 3
      objectReference: {fileID: 0}
    - target: {fileID: 8706194579825651419, guid: 0df460433fd11424aa0dd94808415086,
        type: 3}
      propertyPath: m_LocalPosition.z
      value: 0
      objectReference: {fileID: 0}
    - target: {fileID: 8706194579825651419, guid: 0df460433fd11424aa0dd94808415086,
        type: 3}
      propertyPath: m_LocalPosition.x
      value: 16
      objectReference: {fileID: 0}
    m_RemovedComponents: []
  m_SourcePrefab: {fileID: 100100000, guid: 0df460433fd11424aa0dd94808415086, type: 3}
--- !u!1001 &6134246715514871174
PrefabInstance:
  m_ObjectHideFlags: 0
  serializedVersion: 2
  m_Modification:
    m_TransformParent: {fileID: 6523888903379726338}
    m_Modifications:
    - target: {fileID: 9128246347783788243, guid: a88b19301bbb18c43a45599eff4035ab,
        type: 3}
      propertyPath: m_Name
      value: Wall-Window (1)
      objectReference: {fileID: 0}
    - target: {fileID: 9195778579874698544, guid: a88b19301bbb18c43a45599eff4035ab,
        type: 3}
      propertyPath: m_RootOrder
      value: 2
      objectReference: {fileID: 0}
    - target: {fileID: 9195778579874698544, guid: a88b19301bbb18c43a45599eff4035ab,
        type: 3}
      propertyPath: m_LocalPosition.x
      value: 8
      objectReference: {fileID: 0}
    - target: {fileID: 9195778579874698544, guid: a88b19301bbb18c43a45599eff4035ab,
        type: 3}
      propertyPath: m_LocalPosition.z
      value: 0
      objectReference: {fileID: 0}
    m_RemovedComponents: []
  m_SourcePrefab: {fileID: 100100000, guid: a88b19301bbb18c43a45599eff4035ab, type: 3}
--- !u!4 &3079563873050495158 stripped
Transform:
  m_CorrespondingSourceObject: {fileID: 9195778579874698544, guid: a88b19301bbb18c43a45599eff4035ab,
    type: 3}
  m_PrefabInstance: {fileID: 6134246715514871174}
  m_PrefabAsset: {fileID: 0}
--- !u!1001 &6445655981406276025
PrefabInstance:
  m_ObjectHideFlags: 0
  serializedVersion: 2
  m_Modification:
    m_TransformParent: {fileID: 5208450118383526582}
    m_Modifications:
    - target: {fileID: 5751942451329097323, guid: 1f88671747648c84698e3eddede98d0b,
        type: 3}
      propertyPath: m_Name
      value: SideA
      objectReference: {fileID: 0}
    - target: {fileID: 8881892362836307067, guid: 1f88671747648c84698e3eddede98d0b,
        type: 3}
      propertyPath: m_LocalPosition.x
      value: 0
      objectReference: {fileID: 0}
    - target: {fileID: 8881892362836307067, guid: 1f88671747648c84698e3eddede98d0b,
        type: 3}
      propertyPath: m_LocalPosition.y
      value: 0
      objectReference: {fileID: 0}
    - target: {fileID: 8881892362836307067, guid: 1f88671747648c84698e3eddede98d0b,
        type: 3}
      propertyPath: m_LocalPosition.z
      value: 0
      objectReference: {fileID: 0}
    - target: {fileID: 8881892362836307067, guid: 1f88671747648c84698e3eddede98d0b,
        type: 3}
      propertyPath: m_LocalRotation.x
      value: -0
      objectReference: {fileID: 0}
    - target: {fileID: 8881892362836307067, guid: 1f88671747648c84698e3eddede98d0b,
        type: 3}
      propertyPath: m_LocalRotation.y
      value: -0
      objectReference: {fileID: 0}
    - target: {fileID: 8881892362836307067, guid: 1f88671747648c84698e3eddede98d0b,
        type: 3}
      propertyPath: m_LocalRotation.z
      value: -0
      objectReference: {fileID: 0}
    - target: {fileID: 8881892362836307067, guid: 1f88671747648c84698e3eddede98d0b,
        type: 3}
      propertyPath: m_LocalRotation.w
      value: 1
      objectReference: {fileID: 0}
    - target: {fileID: 8881892362836307067, guid: 1f88671747648c84698e3eddede98d0b,
        type: 3}
      propertyPath: m_RootOrder
      value: 1
      objectReference: {fileID: 0}
    - target: {fileID: 8881892362836307067, guid: 1f88671747648c84698e3eddede98d0b,
        type: 3}
      propertyPath: m_LocalEulerAnglesHint.x
      value: 0
      objectReference: {fileID: 0}
    - target: {fileID: 8881892362836307067, guid: 1f88671747648c84698e3eddede98d0b,
        type: 3}
      propertyPath: m_LocalEulerAnglesHint.y
      value: 0
      objectReference: {fileID: 0}
    - target: {fileID: 8881892362836307067, guid: 1f88671747648c84698e3eddede98d0b,
        type: 3}
      propertyPath: m_LocalEulerAnglesHint.z
      value: 0
      objectReference: {fileID: 0}
    m_RemovedComponents: []
  m_SourcePrefab: {fileID: 100100000, guid: 1f88671747648c84698e3eddede98d0b, type: 3}
--- !u!4 &2463825226531284418 stripped
Transform:
  m_CorrespondingSourceObject: {fileID: 8881892362836307067, guid: 1f88671747648c84698e3eddede98d0b,
    type: 3}
  m_PrefabInstance: {fileID: 6445655981406276025}
  m_PrefabAsset: {fileID: 0}
--- !u!1001 &6741470894154179321
PrefabInstance:
  m_ObjectHideFlags: 0
  serializedVersion: 2
  m_Modification:
    m_TransformParent: {fileID: 6575358126373006724}
    m_Modifications:
    - target: {fileID: 6301846378593769491, guid: d8d1989e885ac394fb445330c015dedc,
        type: 3}
      propertyPath: m_Name
      value: Wall-window (1)
      objectReference: {fileID: 0}
    - target: {fileID: 6301846378594059315, guid: d8d1989e885ac394fb445330c015dedc,
        type: 3}
      propertyPath: m_RootOrder
      value: 2
      objectReference: {fileID: 0}
    - target: {fileID: 6301846378594059315, guid: d8d1989e885ac394fb445330c015dedc,
        type: 3}
      propertyPath: m_LocalPosition.x
      value: 6
      objectReference: {fileID: 0}
    m_RemovedComponents: []
  m_SourcePrefab: {fileID: 100100000, guid: d8d1989e885ac394fb445330c015dedc, type: 3}
--- !u!1001 &6768599296058229421
PrefabInstance:
  m_ObjectHideFlags: 0
  serializedVersion: 2
  m_Modification:
    m_TransformParent: {fileID: 5208450118383526582}
    m_Modifications:
    - target: {fileID: 6724615672311246377, guid: 6b508c425a94fac42af7d5f79f7c6c9a,
        type: 3}
      propertyPath: m_Name
      value: Wall-door
      objectReference: {fileID: 0}
    - target: {fileID: 6724615672311411209, guid: 6b508c425a94fac42af7d5f79f7c6c9a,
        type: 3}
      propertyPath: m_LocalPosition.x
      value: 0
      objectReference: {fileID: 0}
    - target: {fileID: 6724615672311411209, guid: 6b508c425a94fac42af7d5f79f7c6c9a,
        type: 3}
      propertyPath: m_LocalPosition.y
      value: 0
      objectReference: {fileID: 0}
    - target: {fileID: 6724615672311411209, guid: 6b508c425a94fac42af7d5f79f7c6c9a,
        type: 3}
      propertyPath: m_LocalPosition.z
      value: 0
      objectReference: {fileID: 0}
    - target: {fileID: 6724615672311411209, guid: 6b508c425a94fac42af7d5f79f7c6c9a,
        type: 3}
      propertyPath: m_LocalRotation.x
      value: -0.7071068
      objectReference: {fileID: 0}
    - target: {fileID: 6724615672311411209, guid: 6b508c425a94fac42af7d5f79f7c6c9a,
        type: 3}
      propertyPath: m_LocalRotation.y
      value: -0
      objectReference: {fileID: 0}
    - target: {fileID: 6724615672311411209, guid: 6b508c425a94fac42af7d5f79f7c6c9a,
        type: 3}
      propertyPath: m_LocalRotation.z
      value: -0
      objectReference: {fileID: 0}
    - target: {fileID: 6724615672311411209, guid: 6b508c425a94fac42af7d5f79f7c6c9a,
        type: 3}
      propertyPath: m_LocalRotation.w
      value: 0.7071068
      objectReference: {fileID: 0}
    - target: {fileID: 6724615672311411209, guid: 6b508c425a94fac42af7d5f79f7c6c9a,
        type: 3}
      propertyPath: m_RootOrder
      value: 0
      objectReference: {fileID: 0}
    - target: {fileID: 6724615672311411209, guid: 6b508c425a94fac42af7d5f79f7c6c9a,
        type: 3}
      propertyPath: m_LocalEulerAnglesHint.x
      value: 0
      objectReference: {fileID: 0}
    - target: {fileID: 6724615672311411209, guid: 6b508c425a94fac42af7d5f79f7c6c9a,
        type: 3}
      propertyPath: m_LocalEulerAnglesHint.y
      value: 0
      objectReference: {fileID: 0}
    - target: {fileID: 6724615672311411209, guid: 6b508c425a94fac42af7d5f79f7c6c9a,
        type: 3}
      propertyPath: m_LocalEulerAnglesHint.z
      value: 0
      objectReference: {fileID: 0}
    m_RemovedComponents: []
  m_SourcePrefab: {fileID: 100100000, guid: 6b508c425a94fac42af7d5f79f7c6c9a, type: 3}
--- !u!4 &52995781646872740 stripped
Transform:
  m_CorrespondingSourceObject: {fileID: 6724615672311411209, guid: 6b508c425a94fac42af7d5f79f7c6c9a,
    type: 3}
  m_PrefabInstance: {fileID: 6768599296058229421}
  m_PrefabAsset: {fileID: 0}
--- !u!1001 &7056505763278345802
PrefabInstance:
  m_ObjectHideFlags: 0
  serializedVersion: 2
  m_Modification:
    m_TransformParent: {fileID: 3079563873050495158}
    m_Modifications:
    - target: {fileID: 6301846378593769491, guid: d8d1989e885ac394fb445330c015dedc,
        type: 3}
      propertyPath: m_Name
      value: Wall-window (1)
      objectReference: {fileID: 0}
    - target: {fileID: 6301846378594059315, guid: d8d1989e885ac394fb445330c015dedc,
        type: 3}
      propertyPath: m_RootOrder
      value: 2
      objectReference: {fileID: 0}
    - target: {fileID: 6301846378594059315, guid: d8d1989e885ac394fb445330c015dedc,
        type: 3}
      propertyPath: m_LocalPosition.x
      value: 6
      objectReference: {fileID: 0}
    m_RemovedComponents: []
  m_SourcePrefab: {fileID: 100100000, guid: d8d1989e885ac394fb445330c015dedc, type: 3}
--- !u!1001 &8341436696890586575
PrefabInstance:
  m_ObjectHideFlags: 0
  serializedVersion: 2
  m_Modification:
    m_TransformParent: {fileID: 6523888903379726338}
    m_Modifications:
    - target: {fileID: 2930828334980221318, guid: 0df460433fd11424aa0dd94808415086,
        type: 3}
      propertyPath: m_Name
      value: Window-Wall (2)
      objectReference: {fileID: 0}
    - target: {fileID: 8706194579825651419, guid: 0df460433fd11424aa0dd94808415086,
        type: 3}
      propertyPath: m_RootOrder
      value: 4
      objectReference: {fileID: 0}
    - target: {fileID: 8706194579825651419, guid: 0df460433fd11424aa0dd94808415086,
        type: 3}
      propertyPath: m_LocalPosition.z
      value: 0
      objectReference: {fileID: 0}
    - target: {fileID: 8706194579825651419, guid: 0df460433fd11424aa0dd94808415086,
        type: 3}
      propertyPath: m_LocalPosition.x
      value: 20
      objectReference: {fileID: 0}
    m_RemovedComponents: []
  m_SourcePrefab: {fileID: 100100000, guid: 0df460433fd11424aa0dd94808415086, type: 3}
--- !u!4 &797174160578206484 stripped
Transform:
  m_CorrespondingSourceObject: {fileID: 8706194579825651419, guid: 0df460433fd11424aa0dd94808415086,
    type: 3}
  m_PrefabInstance: {fileID: 8341436696890586575}
  m_PrefabAsset: {fileID: 0}
--- !u!1001 &8722208122392675627
PrefabInstance:
  m_ObjectHideFlags: 0
  serializedVersion: 2
  m_Modification:
    m_TransformParent: {fileID: 797174160578206484}
    m_Modifications:
    - target: {fileID: 362626136976258049, guid: e190b9198d3b9e548a3e8befc29bc998,
        type: 3}
      propertyPath: m_Name
      value: BasicWall (2)
      objectReference: {fileID: 0}
    - target: {fileID: 362626136976025633, guid: e190b9198d3b9e548a3e8befc29bc998,
        type: 3}
      propertyPath: m_RootOrder
      value: 2
      objectReference: {fileID: 0}
    - target: {fileID: 362626136976025633, guid: e190b9198d3b9e548a3e8befc29bc998,
        type: 3}
      propertyPath: m_LocalPosition.x
      value: -4
      objectReference: {fileID: 0}
    m_RemovedComponents: []
  m_SourcePrefab: {fileID: 100100000, guid: e190b9198d3b9e548a3e8befc29bc998, type: 3}
--- !u!1001 &8880542516041127402
PrefabInstance:
  m_ObjectHideFlags: 0
  serializedVersion: 2
  m_Modification:
    m_TransformParent: {fileID: 2463825226531284418}
    m_Modifications:
    - target: {fileID: 2930828334980221318, guid: 0df460433fd11424aa0dd94808415086,
        type: 3}
      propertyPath: m_Name
      value: Window-Wall (2)
      objectReference: {fileID: 0}
    - target: {fileID: 8706194579825651419, guid: 0df460433fd11424aa0dd94808415086,
        type: 3}
      propertyPath: m_RootOrder
      value: 4
      objectReference: {fileID: 0}
    - target: {fileID: 8706194579825651419, guid: 0df460433fd11424aa0dd94808415086,
        type: 3}
      propertyPath: m_LocalPosition.z
      value: 0
      objectReference: {fileID: 0}
    - target: {fileID: 8706194579825651419, guid: 0df460433fd11424aa0dd94808415086,
        type: 3}
      propertyPath: m_LocalPosition.x
      value: 20
      objectReference: {fileID: 0}
    m_RemovedComponents: []
  m_SourcePrefab: {fileID: 100100000, guid: 0df460433fd11424aa0dd94808415086, type: 3}
--- !u!4 &282771892728953649 stripped
Transform:
  m_CorrespondingSourceObject: {fileID: 8706194579825651419, guid: 0df460433fd11424aa0dd94808415086,
    type: 3}
  m_PrefabInstance: {fileID: 8880542516041127402}
  m_PrefabAsset: {fileID: 0}
