%YAML 1.1
%TAG !u! tag:unity3d.com,2011:
--- !u!1 &4710449120049985369
GameObject:
  m_ObjectHideFlags: 0
  m_CorrespondingSourceObject: {fileID: 0}
  m_PrefabInstance: {fileID: 0}
  m_PrefabAsset: {fileID: 0}
  serializedVersion: 6
  m_Component:
  - component: {fileID: 7781355666238851149}
  m_Layer: 0
  m_Name: ExtraWalls-CompleteRow
  m_TagString: Untagged
  m_Icon: {fileID: 0}
  m_NavMeshLayer: 0
  m_StaticEditorFlags: 0
  m_IsActive: 1
--- !u!4 &7781355666238851149
Transform:
  m_ObjectHideFlags: 0
  m_CorrespondingSourceObject: {fileID: 0}
  m_PrefabInstance: {fileID: 0}
  m_PrefabAsset: {fileID: 0}
  m_GameObject: {fileID: 4710449120049985369}
  m_LocalRotation: {x: 0, y: 0, z: 0, w: 1}
  m_LocalPosition: {x: 0, y: 0, z: 0}
  m_LocalScale: {x: 1, y: 1, z: 1}
  m_Children:
  - {fileID: 2722767982079499507}
  - {fileID: 6609945803252468725}
  - {fileID: 880055919657589746}
  m_Father: {fileID: 0}
  m_RootOrder: 0
  m_LocalEulerAnglesHint: {x: 0, y: 0, z: 0}
--- !u!1001 &1368981607900807467
PrefabInstance:
  m_ObjectHideFlags: 0
  serializedVersion: 2
  m_Modification:
    m_TransformParent: {fileID: 7781355666238851149}
    m_Modifications:
    - target: {fileID: 1674673327178594641, guid: 8e9caa7c5eb006e41b58d27298b7b650,
        type: 3}
      propertyPath: m_Name
      value: PartA (1)
      objectReference: {fileID: 0}
    - target: {fileID: 2218321569360583385, guid: 8e9caa7c5eb006e41b58d27298b7b650,
        type: 3}
      propertyPath: m_LocalPosition.x
      value: 0
      objectReference: {fileID: 0}
    - target: {fileID: 2218321569360583385, guid: 8e9caa7c5eb006e41b58d27298b7b650,
        type: 3}
      propertyPath: m_LocalPosition.y
      value: 0
      objectReference: {fileID: 0}
    - target: {fileID: 2218321569360583385, guid: 8e9caa7c5eb006e41b58d27298b7b650,
        type: 3}
      propertyPath: m_LocalPosition.z
      value: 0
      objectReference: {fileID: 0}
    - target: {fileID: 2218321569360583385, guid: 8e9caa7c5eb006e41b58d27298b7b650,
        type: 3}
      propertyPath: m_LocalRotation.x
      value: -0
      objectReference: {fileID: 0}
    - target: {fileID: 2218321569360583385, guid: 8e9caa7c5eb006e41b58d27298b7b650,
        type: 3}
      propertyPath: m_LocalRotation.y
      value: 1
      objectReference: {fileID: 0}
    - target: {fileID: 2218321569360583385, guid: 8e9caa7c5eb006e41b58d27298b7b650,
        type: 3}
      propertyPath: m_LocalRotation.z
      value: -0
      objectReference: {fileID: 0}
    - target: {fileID: 2218321569360583385, guid: 8e9caa7c5eb006e41b58d27298b7b650,
        type: 3}
      propertyPath: m_LocalRotation.w
      value: 0
      objectReference: {fileID: 0}
    - target: {fileID: 2218321569360583385, guid: 8e9caa7c5eb006e41b58d27298b7b650,
        type: 3}
      propertyPath: m_RootOrder
      value: 2
      objectReference: {fileID: 0}
    - target: {fileID: 2218321569360583385, guid: 8e9caa7c5eb006e41b58d27298b7b650,
        type: 3}
      propertyPath: m_LocalEulerAnglesHint.x
      value: 0
      objectReference: {fileID: 0}
    - target: {fileID: 2218321569360583385, guid: 8e9caa7c5eb006e41b58d27298b7b650,
        type: 3}
      propertyPath: m_LocalEulerAnglesHint.y
      value: 180
      objectReference: {fileID: 0}
    - target: {fileID: 2218321569360583385, guid: 8e9caa7c5eb006e41b58d27298b7b650,
        type: 3}
      propertyPath: m_LocalEulerAnglesHint.z
      value: 0
      objectReference: {fileID: 0}
    m_RemovedComponents: []
  m_SourcePrefab: {fileID: 100100000, guid: 8e9caa7c5eb006e41b58d27298b7b650, type: 3}
--- !u!4 &880055919657589746 stripped
Transform:
  m_CorrespondingSourceObject: {fileID: 2218321569360583385, guid: 8e9caa7c5eb006e41b58d27298b7b650,
    type: 3}
  m_PrefabInstance: {fileID: 1368981607900807467}
  m_PrefabAsset: {fileID: 0}
--- !u!1001 &2360301275366405330
PrefabInstance:
  m_ObjectHideFlags: 0
  serializedVersion: 2
  m_Modification:
    m_TransformParent: {fileID: 7781355666238851149}
    m_Modifications:
    - target: {fileID: 362626136976258049, guid: e190b9198d3b9e548a3e8befc29bc998,
        type: 3}
      propertyPath: m_Name
      value: BasicWall
      objectReference: {fileID: 0}
    - target: {fileID: 362626136976025633, guid: e190b9198d3b9e548a3e8befc29bc998,
        type: 3}
      propertyPath: m_LocalPosition.x
      value: 0
      objectReference: {fileID: 0}
    - target: {fileID: 362626136976025633, guid: e190b9198d3b9e548a3e8befc29bc998,
        type: 3}
      propertyPath: m_LocalPosition.y
      value: 0
      objectReference: {fileID: 0}
    - target: {fileID: 362626136976025633, guid: e190b9198d3b9e548a3e8befc29bc998,
        type: 3}
      propertyPath: m_LocalPosition.z
      value: 0
      objectReference: {fileID: 0}
    - target: {fileID: 362626136976025633, guid: e190b9198d3b9e548a3e8befc29bc998,
        type: 3}
      propertyPath: m_LocalRotation.x
      value: -0.7071068
      objectReference: {fileID: 0}
    - target: {fileID: 362626136976025633, guid: e190b9198d3b9e548a3e8befc29bc998,
        type: 3}
      propertyPath: m_LocalRotation.y
      value: -0
      objectReference: {fileID: 0}
    - target: {fileID: 362626136976025633, guid: e190b9198d3b9e548a3e8befc29bc998,
        type: 3}
      propertyPath: m_LocalRotation.z
      value: -0
      objectReference: {fileID: 0}
    - target: {fileID: 362626136976025633, guid: e190b9198d3b9e548a3e8befc29bc998,
        type: 3}
      propertyPath: m_LocalRotation.w
      value: 0.7071068
      objectReference: {fileID: 0}
    - target: {fileID: 362626136976025633, guid: e190b9198d3b9e548a3e8befc29bc998,
        type: 3}
      propertyPath: m_RootOrder
      value: 0
      objectReference: {fileID: 0}
    - target: {fileID: 362626136976025633, guid: e190b9198d3b9e548a3e8befc29bc998,
        type: 3}
      propertyPath: m_LocalEulerAnglesHint.x
      value: 0
      objectReference: {fileID: 0}
    - target: {fileID: 362626136976025633, guid: e190b9198d3b9e548a3e8befc29bc998,
        type: 3}
      propertyPath: m_LocalEulerAnglesHint.y
      value: 0
      objectReference: {fileID: 0}
    - target: {fileID: 362626136976025633, guid: e190b9198d3b9e548a3e8befc29bc998,
        type: 3}
      propertyPath: m_LocalEulerAnglesHint.z
      value: 0
      objectReference: {fileID: 0}
    m_RemovedComponents: []
  m_SourcePrefab: {fileID: 100100000, guid: e190b9198d3b9e548a3e8befc29bc998, type: 3}
--- !u!4 &2722767982079499507 stripped
Transform:
  m_CorrespondingSourceObject: {fileID: 362626136976025633, guid: e190b9198d3b9e548a3e8befc29bc998,
    type: 3}
  m_PrefabInstance: {fileID: 2360301275366405330}
  m_PrefabAsset: {fileID: 0}
--- !u!1001 &5004116120213492012
PrefabInstance:
  m_ObjectHideFlags: 0
  serializedVersion: 2
  m_Modification:
    m_TransformParent: {fileID: 7781355666238851149}
    m_Modifications:
    - target: {fileID: 1674673327178594641, guid: 8e9caa7c5eb006e41b58d27298b7b650,
        type: 3}
      propertyPath: m_Name
      value: PartA
      objectReference: {fileID: 0}
    - target: {fileID: 2218321569360583385, guid: 8e9caa7c5eb006e41b58d27298b7b650,
        type: 3}
      propertyPath: m_LocalPosition.x
      value: 0
      objectReference: {fileID: 0}
    - target: {fileID: 2218321569360583385, guid: 8e9caa7c5eb006e41b58d27298b7b650,
        type: 3}
      propertyPath: m_LocalPosition.y
      value: 0
      objectReference: {fileID: 0}
    - target: {fileID: 2218321569360583385, guid: 8e9caa7c5eb006e41b58d27298b7b650,
        type: 3}
      propertyPath: m_LocalPosition.z
      value: 0
      objectReference: {fileID: 0}
    - target: {fileID: 2218321569360583385, guid: 8e9caa7c5eb006e41b58d27298b7b650,
        type: 3}
      propertyPath: m_LocalRotation.x
      value: -0
      objectReference: {fileID: 0}
    - target: {fileID: 2218321569360583385, guid: 8e9caa7c5eb006e41b58d27298b7b650,
        type: 3}
      propertyPath: m_LocalRotation.y
      value: -0
      objectReference: {fileID: 0}
    - target: {fileID: 2218321569360583385, guid: 8e9caa7c5eb006e41b58d27298b7b650,
        type: 3}
      propertyPath: m_LocalRotation.z
      value: -0
      objectReference: {fileID: 0}
    - target: {fileID: 2218321569360583385, guid: 8e9caa7c5eb006e41b58d27298b7b650,
        type: 3}
      propertyPath: m_LocalRotation.w
      value: 1
      objectReference: {fileID: 0}
    - target: {fileID: 2218321569360583385, guid: 8e9caa7c5eb006e41b58d27298b7b650,
        type: 3}
      propertyPath: m_RootOrder
      value: 1
      objectReference: {fileID: 0}
    - target: {fileID: 2218321569360583385, guid: 8e9caa7c5eb006e41b58d27298b7b650,
        type: 3}
      propertyPath: m_LocalEulerAnglesHint.x
      value: 0
      objectReference: {fileID: 0}
    - target: {fileID: 2218321569360583385, guid: 8e9caa7c5eb006e41b58d27298b7b650,
        type: 3}
      propertyPath: m_LocalEulerAnglesHint.y
      value: 0
      objectReference: {fileID: 0}
    - target: {fileID: 2218321569360583385, guid: 8e9caa7c5eb006e41b58d27298b7b650,
        type: 3}
      propertyPath: m_LocalEulerAnglesHint.z
      value: 0
      objectReference: {fileID: 0}
    m_RemovedComponents: []
  m_SourcePrefab: {fileID: 100100000, guid: 8e9caa7c5eb006e41b58d27298b7b650, type: 3}
--- !u!4 &6609945803252468725 stripped
Transform:
  m_CorrespondingSourceObject: {fileID: 2218321569360583385, guid: 8e9caa7c5eb006e41b58d27298b7b650,
    type: 3}
  m_PrefabInstance: {fileID: 5004116120213492012}
  m_PrefabAsset: {fileID: 0}
