%YAML 1.1
%TAG !u! tag:unity3d.com,2011:
--- !u!1 &5935775992998261116
GameObject:
  m_ObjectHideFlags: 0
  m_CorrespondingSourceObject: {fileID: 0}
  m_PrefabInstance: {fileID: 0}
  m_PrefabAsset: {fileID: 0}
  serializedVersion: 6
  m_Component:
  - component: {fileID: 5942275840583600616}
  m_Layer: 12
  m_Name: Base Human001RDigit23
  m_TagString: Untagged
  m_Icon: {fileID: 0}
  m_NavMeshLayer: 0
  m_StaticEditorFlags: 0
  m_IsActive: 1
--- !u!4 &5942275840583600616
Transform:
  m_ObjectHideFlags: 0
  m_CorrespondingSourceObject: {fileID: 0}
  m_PrefabInstance: {fileID: 0}
  m_PrefabAsset: {fileID: 0}
  m_GameObject: {fileID: 5935775992998261116}
  m_LocalRotation: {x: 0.0000005706388, y: 0.0000011297336, z: 0.0192863, w: 0.99981403}
  m_LocalPosition: {x: -0.036634084, y: 0.000000114440915, z: 0.000000085830685}
  m_LocalScale: {x: 1.000001, y: 1, z: 0.999999}
  m_Children: []
  m_Father: {fileID: 5942178337461636112}
  m_RootOrder: 0
  m_LocalEulerAnglesHint: {x: 0, y: 0, z: 0}
--- !u!1 &5935800265130257668
GameObject:
  m_ObjectHideFlags: 0
  m_CorrespondingSourceObject: {fileID: 0}
  m_PrefabInstance: {fileID: 0}
  m_PrefabAsset: {fileID: 0}
  serializedVersion: 6
  m_Component:
  - component: {fileID: 5938465293904694752}
  m_Layer: 12
  m_Name: Base Human001LDigit42
  m_TagString: Untagged
  m_Icon: {fileID: 0}
  m_NavMeshLayer: 0
  m_StaticEditorFlags: 0
  m_IsActive: 1
--- !u!4 &5938465293904694752
Transform:
  m_ObjectHideFlags: 0
  m_CorrespondingSourceObject: {fileID: 0}
  m_PrefabInstance: {fileID: 0}
  m_PrefabAsset: {fileID: 0}
  m_GameObject: {fileID: 5935800265130257668}
  m_LocalRotation: {x: 0.0000025484073, y: 0.00012090303, z: 0.00012069171, w: 1}
  m_LocalPosition: {x: -0.035301875, y: 0.00000022888183, z: -0.000000028610229}
  m_LocalScale: {x: 1, y: 1, z: 1}
  m_Children:
  - {fileID: 5938366956867015844}
  m_Father: {fileID: 5942161668114319158}
  m_RootOrder: 0
  m_LocalEulerAnglesHint: {x: 0, y: 0, z: 0}
--- !u!1 &5935805576701868802
GameObject:
  m_ObjectHideFlags: 0
  m_CorrespondingSourceObject: {fileID: 0}
  m_PrefabInstance: {fileID: 0}
  m_PrefabAsset: {fileID: 0}
  serializedVersion: 6
  m_Component:
  - component: {fileID: 5941968877444414712}
  m_Layer: 12
  m_Name: Base Human001RDigit13
  m_TagString: Untagged
  m_Icon: {fileID: 0}
  m_NavMeshLayer: 0
  m_StaticEditorFlags: 0
  m_IsActive: 1
--- !u!4 &5941968877444414712
Transform:
  m_ObjectHideFlags: 0
  m_CorrespondingSourceObject: {fileID: 0}
  m_PrefabInstance: {fileID: 0}
  m_PrefabAsset: {fileID: 0}
  m_GameObject: {fileID: 5935805576701868802}
  m_LocalRotation: {x: 0.000000089407024, y: 0.0000001341107, z: 0.00000049173906,
    w: 1}
  m_LocalPosition: {x: -0.038666036, y: 0, z: 0.000000114440915}
  m_LocalScale: {x: 0.999998, y: 0.999999, z: 1.000003}
  m_Children: []
  m_Father: {fileID: 5941966667466099358}
  m_RootOrder: 0
  m_LocalEulerAnglesHint: {x: 0, y: 0, z: 0}
--- !u!1 &5935845797594927064
GameObject:
  m_ObjectHideFlags: 0
  m_CorrespondingSourceObject: {fileID: 0}
  m_PrefabInstance: {fileID: 0}
  m_PrefabAsset: {fileID: 0}
  serializedVersion: 6
  m_Component:
  - component: {fileID: 5942363191078851112}
  m_Layer: 12
  m_Name: Base Human001RDigit51
  m_TagString: Untagged
  m_Icon: {fileID: 0}
  m_NavMeshLayer: 0
  m_StaticEditorFlags: 0
  m_IsActive: 1
--- !u!4 &5942363191078851112
Transform:
  m_ObjectHideFlags: 0
  m_CorrespondingSourceObject: {fileID: 0}
  m_PrefabInstance: {fileID: 0}
  m_PrefabAsset: {fileID: 0}
  m_GameObject: {fileID: 5935845797594927064}
  m_LocalRotation: {x: 0.0786714, y: -0.011246179, z: 0.023128895, w: 0.9965688}
  m_LocalPosition: {x: -0.086443745, y: -0.0031209183, z: 0.038606785}
  m_LocalScale: {x: 1.000001, y: 1, z: 0.999999}
  m_Children:
  - {fileID: 5942091548229497528}
  m_Father: {fileID: 5942300122992267368}
  m_RootOrder: 4
  m_LocalEulerAnglesHint: {x: 0, y: 0, z: 0}
--- !u!1 &5935856089925112026
GameObject:
  m_ObjectHideFlags: 0
  m_CorrespondingSourceObject: {fileID: 0}
  m_PrefabInstance: {fileID: 0}
  m_PrefabAsset: {fileID: 0}
  serializedVersion: 6
  m_Component:
  - component: {fileID: 5938253271519233356}
  m_Layer: 12
  m_Name: Base Human001LDigit23
  m_TagString: Untagged
  m_Icon: {fileID: 0}
  m_NavMeshLayer: 0
  m_StaticEditorFlags: 0
  m_IsActive: 1
--- !u!4 &5938253271519233356
Transform:
  m_ObjectHideFlags: 0
  m_CorrespondingSourceObject: {fileID: 0}
  m_PrefabInstance: {fileID: 0}
  m_PrefabAsset: {fileID: 0}
  m_GameObject: {fileID: 5935856089925112026}
  m_LocalRotation: {x: 0.00000045832266, y: -0.0000003877445, z: 0.019284567, w: 0.99981403}
  m_LocalPosition: {x: -0.036634024, y: 0.000000114440915, z: -0.000000021457671}
  m_LocalScale: {x: 0.999999, y: 1, z: 1}
  m_Children: []
  m_Father: {fileID: 5938147719281447522}
  m_RootOrder: 0
  m_LocalEulerAnglesHint: {x: 0, y: 0, z: 0}
--- !u!1 &5935867264668010796
GameObject:
  m_ObjectHideFlags: 0
  m_CorrespondingSourceObject: {fileID: 0}
  m_PrefabInstance: {fileID: 0}
  m_PrefabAsset: {fileID: 0}
  serializedVersion: 6
  m_Component:
  - component: {fileID: 5942355847192827362}
  m_Layer: 12
  m_Name: Base Human001Neck
  m_TagString: Untagged
  m_Icon: {fileID: 0}
  m_NavMeshLayer: 0
  m_StaticEditorFlags: 0
  m_IsActive: 1
--- !u!4 &5942355847192827362
Transform:
  m_ObjectHideFlags: 0
  m_CorrespondingSourceObject: {fileID: 0}
  m_PrefabInstance: {fileID: 0}
  m_PrefabAsset: {fileID: 0}
  m_GameObject: {fileID: 5935867264668010796}
  m_LocalRotation: {x: 1.3497248e-14, y: -0.00000003745361, z: -0.24804455, w: 0.9687486}
  m_LocalPosition: {x: -0.000795021, y: -0.0035005617, z: -0.0000000067226504}
  m_LocalScale: {x: 1, y: 1, z: 1}
  m_Children:
  - {fileID: 5938543904184618272}
  m_Father: {fileID: 5938176855506803884}
  m_RootOrder: 1
  m_LocalEulerAnglesHint: {x: 0, y: 0, z: 0}
--- !u!1 &5935884282031168966
GameObject:
  m_ObjectHideFlags: 0
  m_CorrespondingSourceObject: {fileID: 0}
  m_PrefabInstance: {fileID: 0}
  m_PrefabAsset: {fileID: 0}
  serializedVersion: 6
  m_Component:
  - component: {fileID: 5942025355486408806}
  - component: {fileID: 6021057126706377950}
  m_Layer: 12
  m_Name: Head
  m_TagString: Untagged
  m_Icon: {fileID: 0}
  m_NavMeshLayer: 0
  m_StaticEditorFlags: 0
  m_IsActive: 1
--- !u!4 &5942025355486408806
Transform:
  m_ObjectHideFlags: 0
  m_CorrespondingSourceObject: {fileID: 0}
  m_PrefabInstance: {fileID: 0}
  m_PrefabAsset: {fileID: 0}
  m_GameObject: {fileID: 5935884282031168966}
  m_LocalRotation: {x: -0.7071068, y: 0, z: -0, w: 0.7071068}
  m_LocalPosition: {x: -0.0067003556, y: 1.7264043, z: 0.0095473835}
  m_LocalScale: {x: 1, y: 1, z: 1}
  m_Children: []
  m_Father: {fileID: 5938222198731673780}
  m_RootOrder: 4
  m_LocalEulerAnglesHint: {x: 0, y: 0, z: 0}
--- !u!137 &6021057126706377950
SkinnedMeshRenderer:
  m_ObjectHideFlags: 0
  m_CorrespondingSourceObject: {fileID: 0}
  m_PrefabInstance: {fileID: 0}
  m_PrefabAsset: {fileID: 0}
  m_GameObject: {fileID: 5935884282031168966}
  m_Enabled: 1
  m_CastShadows: 1
  m_ReceiveShadows: 1
  m_DynamicOccludee: 1
  m_MotionVectors: 1
  m_LightProbeUsage: 1
  m_ReflectionProbeUsage: 1
  m_RenderingLayerMask: 1
  m_RendererPriority: 0
  m_Materials:
  - {fileID: 2100000, guid: fe67ab9f670f9f049bf5fdfa8ca9854d, type: 2}
  m_StaticBatchInfo:
    firstSubMesh: 0
    subMeshCount: 0
  m_StaticBatchRoot: {fileID: 0}
  m_ProbeAnchor: {fileID: 0}
  m_LightProbeVolumeOverride: {fileID: 0}
  m_ScaleInLightmap: 1
  m_PreserveUVs: 0
  m_IgnoreNormalsForChartDetection: 0
  m_ImportantGI: 0
  m_StitchLightmapSeams: 0
  m_SelectedEditorRenderState: 3
  m_MinimumChartSize: 4
  m_AutoUVMaxDistance: 0.5
  m_AutoUVMaxAngle: 89
  m_LightmapParameters: {fileID: 0}
  m_SortingLayerID: 0
  m_SortingLayer: 0
  m_SortingOrder: 0
  serializedVersion: 2
  m_Quality: 0
  m_UpdateWhenOffscreen: 0
  m_SkinnedMotionVectors: 1
  m_Mesh: {fileID: 4300006, guid: 67881c3bda223a241a81ca03fda3a623, type: 3}
  m_Bones:
  - {fileID: 5938543904184618272}
  - {fileID: 5942355847192827362}
  - {fileID: 5938117911417436552}
  - {fileID: 5942219648623573118}
  - {fileID: 5942222569504391892}
  - {fileID: 5942360502255598952}
  - {fileID: 5942004058450114826}
  - {fileID: 5941995086623932826}
  - {fileID: 5938288025668369812}
  - {fileID: 5938240476959564134}
  - {fileID: 5942224443502385704}
  - {fileID: 5938059427374115372}
  - {fileID: 5938134496443652992}
  - {fileID: 5938176855506803884}
  - {fileID: 5941952249272205766}
  - {fileID: 5938169834040040660}
  - {fileID: 5942318538704843630}
  - {fileID: 5938346292413297336}
  - {fileID: 5938324589155686910}
  - {fileID: 5938250485364682056}
  m_BlendShapeWeights: []
  m_RootBone: {fileID: 5938346292413297336}
  m_AABB:
    m_Center: {x: -0.82822627, y: 0.055779677, z: 0.0067003444}
    m_Extent: {x: 0.17910665, y: 0.17938937, z: 0.09982058}
  m_DirtyAABB: 0
--- !u!1 &5935914000401829040
GameObject:
  m_ObjectHideFlags: 0
  m_CorrespondingSourceObject: {fileID: 0}
  m_PrefabInstance: {fileID: 0}
  m_PrefabAsset: {fileID: 0}
  serializedVersion: 6
  m_Component:
  - component: {fileID: 5938169834040040660}
  m_Layer: 12
  m_Name: Base Human001LUpperarm
  m_TagString: Untagged
  m_Icon: {fileID: 0}
  m_NavMeshLayer: 0
  m_StaticEditorFlags: 0
  m_IsActive: 1
--- !u!4 &5938169834040040660
Transform:
  m_ObjectHideFlags: 0
  m_CorrespondingSourceObject: {fileID: 0}
  m_PrefabInstance: {fileID: 0}
  m_PrefabAsset: {fileID: 0}
  m_GameObject: {fileID: 5935914000401829040}
  m_LocalRotation: {x: 0.006274465, y: 0.11335605, z: -0.17230295, w: 0.9784798}
  m_LocalPosition: {x: -0.17870153, y: -0.000000085830685, z: -0.000000114440915}
  m_LocalScale: {x: 1, y: 1, z: 1}
  m_Children:
  - {fileID: 5942318538704843630}
  m_Father: {fileID: 5941952249272205766}
  m_RootOrder: 0
  m_LocalEulerAnglesHint: {x: 0, y: 0, z: 0}
--- !u!1 &5935914953789192170
GameObject:
  m_ObjectHideFlags: 0
  m_CorrespondingSourceObject: {fileID: 0}
  m_PrefabInstance: {fileID: 0}
  m_PrefabAsset: {fileID: 0}
  serializedVersion: 6
  m_Component:
  - component: {fileID: 5938387431925496812}
  - component: {fileID: 6021283748020233346}
  m_Layer: 12
  m_Name: Pelvis
  m_TagString: Untagged
  m_Icon: {fileID: 0}
  m_NavMeshLayer: 0
  m_StaticEditorFlags: 0
  m_IsActive: 1
--- !u!4 &5938387431925496812
Transform:
  m_ObjectHideFlags: 0
  m_CorrespondingSourceObject: {fileID: 0}
  m_PrefabInstance: {fileID: 0}
  m_PrefabAsset: {fileID: 0}
  m_GameObject: {fileID: 5935914953789192170}
  m_LocalRotation: {x: -0.7071068, y: 0, z: -0, w: 0.7071068}
  m_LocalPosition: {x: 0.0006164841, y: 0.93947875, z: -0.027916374}
  m_LocalScale: {x: 1, y: 1, z: 1}
  m_Children: []
  m_Father: {fileID: 5938222198731673780}
  m_RootOrder: 9
  m_LocalEulerAnglesHint: {x: 0, y: 0, z: 0}
--- !u!137 &6021283748020233346
SkinnedMeshRenderer:
  m_ObjectHideFlags: 0
  m_CorrespondingSourceObject: {fileID: 0}
  m_PrefabInstance: {fileID: 0}
  m_PrefabAsset: {fileID: 0}
  m_GameObject: {fileID: 5935914953789192170}
  m_Enabled: 1
  m_CastShadows: 1
  m_ReceiveShadows: 1
  m_DynamicOccludee: 1
  m_MotionVectors: 1
  m_LightProbeUsage: 1
  m_ReflectionProbeUsage: 1
  m_RenderingLayerMask: 1
  m_RendererPriority: 0
  m_Materials:
  - {fileID: 2100000, guid: fe67ab9f670f9f049bf5fdfa8ca9854d, type: 2}
  m_StaticBatchInfo:
    firstSubMesh: 0
    subMeshCount: 0
  m_StaticBatchRoot: {fileID: 0}
  m_ProbeAnchor: {fileID: 0}
  m_LightProbeVolumeOverride: {fileID: 0}
  m_ScaleInLightmap: 1
  m_PreserveUVs: 0
  m_IgnoreNormalsForChartDetection: 0
  m_ImportantGI: 0
  m_StitchLightmapSeams: 0
  m_SelectedEditorRenderState: 3
  m_MinimumChartSize: 4
  m_AutoUVMaxDistance: 0.5
  m_AutoUVMaxAngle: 89
  m_LightmapParameters: {fileID: 0}
  m_SortingLayerID: 0
  m_SortingLayer: 0
  m_SortingOrder: 0
  serializedVersion: 2
  m_Quality: 0
  m_UpdateWhenOffscreen: 0
  m_SkinnedMotionVectors: 1
  m_Mesh: {fileID: 4300002, guid: 67881c3bda223a241a81ca03fda3a623, type: 3}
  m_Bones:
  - {fileID: 5942224443502385704}
  - {fileID: 5938059427374115372}
  - {fileID: 5938346292413297336}
  - {fileID: 5938117911417436552}
  - {fileID: 5942004058450114826}
  - {fileID: 5942222569504391892}
  - {fileID: 5941995086623932826}
  - {fileID: 5938288025668369812}
  - {fileID: 5938240476959564134}
  - {fileID: 5942219648623573118}
  - {fileID: 5938399393162706292}
  - {fileID: 5942360502255598952}
  - {fileID: 5938134496443652992}
  - {fileID: 5938176855506803884}
  - {fileID: 5941952249272205766}
  - {fileID: 5938169834040040660}
  - {fileID: 5942318538704843630}
  - {fileID: 5938116371855840936}
  - {fileID: 5938324589155686910}
  - {fileID: 5938250485364682056}
  m_BlendShapeWeights: []
  m_RootBone: {fileID: 5938346292413297336}
  m_AABB:
    m_Center: {x: -0.047237925, y: -0.0036434531, z: 0.0014721826}
    m_Extent: {x: 0.2855026, y: 0.20155111, z: 0.19189319}
  m_DirtyAABB: 0
--- !u!1 &5935920376454028032
GameObject:
  m_ObjectHideFlags: 0
  m_CorrespondingSourceObject: {fileID: 0}
  m_PrefabInstance: {fileID: 0}
  m_PrefabAsset: {fileID: 0}
  serializedVersion: 6
  m_Component:
  - component: {fileID: 5938288025668369812}
  m_Layer: 12
  m_Name: Base Human001RFoot
  m_TagString: Untagged
  m_Icon: {fileID: 0}
  m_NavMeshLayer: 0
  m_StaticEditorFlags: 0
  m_IsActive: 1
--- !u!4 &5938288025668369812
Transform:
  m_ObjectHideFlags: 0
  m_CorrespondingSourceObject: {fileID: 0}
  m_PrefabInstance: {fileID: 0}
  m_PrefabAsset: {fileID: 0}
  m_GameObject: {fileID: 5935920376454028032}
  m_LocalRotation: {x: 0.055789083, y: 0.044503603, z: -0.7812535, w: 0.62012094}
  m_LocalPosition: {x: -0.46089837, y: 0, z: 0.000000028610229}
  m_LocalScale: {x: 1, y: 1, z: 1}
  m_Children:
  - {fileID: 5938240476959564134}
  m_Father: {fileID: 5941995086623932826}
  m_RootOrder: 0
  m_LocalEulerAnglesHint: {x: 0, y: 0, z: 0}
--- !u!1 &5935925823177047100
GameObject:
  m_ObjectHideFlags: 0
  m_CorrespondingSourceObject: {fileID: 0}
  m_PrefabInstance: {fileID: 0}
  m_PrefabAsset: {fileID: 0}
  serializedVersion: 6
  m_Component:
  - component: {fileID: 5942221788818991396}
  - component: {fileID: 6021245553324919190}
  m_Layer: 12
  m_Name: RHand
  m_TagString: Untagged
  m_Icon: {fileID: 0}
  m_NavMeshLayer: 0
  m_StaticEditorFlags: 0
  m_IsActive: 1
--- !u!4 &5942221788818991396
Transform:
  m_ObjectHideFlags: 0
  m_CorrespondingSourceObject: {fileID: 0}
  m_PrefabInstance: {fileID: 0}
  m_PrefabAsset: {fileID: 0}
  m_GameObject: {fileID: 5935925823177047100}
  m_LocalRotation: {x: -0.7071068, y: 0, z: -0, w: 0.7071068}
  m_LocalPosition: {x: 0.75044554, y: 1.4648288, z: -0.047825668}
  m_LocalScale: {x: 1, y: 1, z: 1}
  m_Children: []
  m_Father: {fileID: 5938222198731673780}
  m_RootOrder: 12
  m_LocalEulerAnglesHint: {x: 0, y: 0, z: 0}
--- !u!137 &6021245553324919190
SkinnedMeshRenderer:
  m_ObjectHideFlags: 0
  m_CorrespondingSourceObject: {fileID: 0}
  m_PrefabInstance: {fileID: 0}
  m_PrefabAsset: {fileID: 0}
  m_GameObject: {fileID: 5935925823177047100}
  m_Enabled: 1
  m_CastShadows: 1
  m_ReceiveShadows: 1
  m_DynamicOccludee: 1
  m_MotionVectors: 1
  m_LightProbeUsage: 1
  m_ReflectionProbeUsage: 1
  m_RenderingLayerMask: 1
  m_RendererPriority: 0
  m_Materials:
  - {fileID: 2100000, guid: fe67ab9f670f9f049bf5fdfa8ca9854d, type: 2}
  m_StaticBatchInfo:
    firstSubMesh: 0
    subMeshCount: 0
  m_StaticBatchRoot: {fileID: 0}
  m_ProbeAnchor: {fileID: 0}
  m_LightProbeVolumeOverride: {fileID: 0}
  m_ScaleInLightmap: 1
  m_PreserveUVs: 0
  m_IgnoreNormalsForChartDetection: 0
  m_ImportantGI: 0
  m_StitchLightmapSeams: 0
  m_SelectedEditorRenderState: 3
  m_MinimumChartSize: 4
  m_AutoUVMaxDistance: 0.5
  m_AutoUVMaxAngle: 89
  m_LightmapParameters: {fileID: 0}
  m_SortingLayerID: 0
  m_SortingLayer: 0
  m_SortingOrder: 0
  serializedVersion: 2
  m_Quality: 0
  m_UpdateWhenOffscreen: 0
  m_SkinnedMotionVectors: 1
  m_Mesh: {fileID: 4300014, guid: 67881c3bda223a241a81ca03fda3a623, type: 3}
  m_Bones:
  - {fileID: 5938378762863992848}
  - {fileID: 5942300122992267368}
  - {fileID: 5942250161112632464}
  - {fileID: 5941966667466099358}
  - {fileID: 5942363191078851112}
  - {fileID: 5941992334250454380}
  - {fileID: 5938379173870298856}
  - {fileID: 5938161263589595328}
  - {fileID: 5942091548229497528}
  - {fileID: 5941968877444414712}
  - {fileID: 5938337906958282412}
  - {fileID: 5938089284414929876}
  - {fileID: 5942178337461636112}
  - {fileID: 5942396166105933974}
  - {fileID: 5942330940691970966}
  - {fileID: 5942275840583600616}
  - {fileID: 5938410663099167842}
  - {fileID: 5938116371855840936}
  - {fileID: 5938324589155686910}
  - {fileID: 5938250485364682056}
  m_BlendShapeWeights: []
  m_RootBone: {fileID: 5938378762863992848}
  m_AABB:
    m_Center: {x: -0.27947333, y: 0.01756376, z: -0.02300752}
    m_Extent: {x: 0.20173663, y: 0.10630944, z: 0.09845445}
  m_DirtyAABB: 0
--- !u!1 &5935952551366886960
GameObject:
  m_ObjectHideFlags: 0
  m_CorrespondingSourceObject: {fileID: 0}
  m_PrefabInstance: {fileID: 0}
  m_PrefabAsset: {fileID: 0}
  serializedVersion: 6
  m_Component:
  - component: {fileID: 5942300122992267368}
  m_Layer: 12
  m_Name: Base Human001RPalm
  m_TagString: Untagged
  m_Icon: {fileID: 0}
  m_NavMeshLayer: 0
  m_StaticEditorFlags: 0
  m_IsActive: 1
--- !u!4 &5942300122992267368
Transform:
  m_ObjectHideFlags: 0
  m_CorrespondingSourceObject: {fileID: 0}
  m_PrefabInstance: {fileID: 0}
  m_PrefabAsset: {fileID: 0}
  m_GameObject: {fileID: 5935952551366886960}
  m_LocalRotation: {x: 0.72836727, y: 0.1037446, z: 0.052416917, w: 0.675256}
  m_LocalPosition: {x: -0.27821594, y: -0.0000006866455, z: 0}
  m_LocalScale: {x: 1.000001, y: 1, z: 0.999999}
  m_Children:
  - {fileID: 5942250161112632464}
  - {fileID: 5938161263589595328}
  - {fileID: 5938379173870298856}
  - {fileID: 5941992334250454380}
  - {fileID: 5942363191078851112}
  m_Father: {fileID: 5938378762863992848}
  m_RootOrder: 0
  m_LocalEulerAnglesHint: {x: 0, y: 0, z: 0}
--- !u!1 &5935965830372571520
GameObject:
  m_ObjectHideFlags: 0
  m_CorrespondingSourceObject: {fileID: 0}
  m_PrefabInstance: {fileID: 0}
  m_PrefabAsset: {fileID: 0}
  serializedVersion: 6
  m_Component:
  - component: {fileID: 5942145858655592386}
  - component: {fileID: 6017207563209834744}
  m_Layer: 12
  m_Name: LHand
  m_TagString: Untagged
  m_Icon: {fileID: 0}
  m_NavMeshLayer: 0
  m_StaticEditorFlags: 0
  m_IsActive: 1
--- !u!4 &5942145858655592386
Transform:
  m_ObjectHideFlags: 0
  m_CorrespondingSourceObject: {fileID: 0}
  m_PrefabInstance: {fileID: 0}
  m_PrefabAsset: {fileID: 0}
  m_GameObject: {fileID: 5935965830372571520}
  m_LocalRotation: {x: -0.7071068, y: 0, z: -0, w: 0.7071068}
  m_LocalPosition: {x: -0.75730145, y: 1.4857213, z: -0.017151581}
  m_LocalScale: {x: 1, y: 1, z: 1}
  m_Children: []
  m_Father: {fileID: 5938222198731673780}
  m_RootOrder: 7
  m_LocalEulerAnglesHint: {x: 0, y: 0, z: 0}
--- !u!137 &6017207563209834744
SkinnedMeshRenderer:
  m_ObjectHideFlags: 0
  m_CorrespondingSourceObject: {fileID: 0}
  m_PrefabInstance: {fileID: 0}
  m_PrefabAsset: {fileID: 0}
  m_GameObject: {fileID: 5935965830372571520}
  m_Enabled: 1
  m_CastShadows: 1
  m_ReceiveShadows: 1
  m_DynamicOccludee: 1
  m_MotionVectors: 1
  m_LightProbeUsage: 1
  m_ReflectionProbeUsage: 1
  m_RenderingLayerMask: 1
  m_RendererPriority: 0
  m_Materials:
  - {fileID: 2100000, guid: fe67ab9f670f9f049bf5fdfa8ca9854d, type: 2}
  m_StaticBatchInfo:
    firstSubMesh: 0
    subMeshCount: 0
  m_StaticBatchRoot: {fileID: 0}
  m_ProbeAnchor: {fileID: 0}
  m_LightProbeVolumeOverride: {fileID: 0}
  m_ScaleInLightmap: 1
  m_PreserveUVs: 0
  m_IgnoreNormalsForChartDetection: 0
  m_ImportantGI: 0
  m_StitchLightmapSeams: 0
  m_SelectedEditorRenderState: 3
  m_MinimumChartSize: 4
  m_AutoUVMaxDistance: 0.5
  m_AutoUVMaxAngle: 89
  m_LightmapParameters: {fileID: 0}
  m_SortingLayerID: 0
  m_SortingLayer: 0
  m_SortingOrder: 0
  serializedVersion: 2
  m_Quality: 0
  m_UpdateWhenOffscreen: 0
  m_SkinnedMotionVectors: 1
  m_Mesh: {fileID: 4300012, guid: 67881c3bda223a241a81ca03fda3a623, type: 3}
  m_Bones:
  - {fileID: 5942318538704843630}
  - {fileID: 5938116371855840936}
  - {fileID: 5938324589155686910}
  - {fileID: 5938250485364682056}
  - {fileID: 5941938308364836256}
  - {fileID: 5942161668114319158}
  - {fileID: 5942405294060391574}
  - {fileID: 5941948855873982060}
  - {fileID: 5938458131479953236}
  - {fileID: 5942293381515298622}
  - {fileID: 5938465293904694752}
  - {fileID: 5938432640027068284}
  - {fileID: 5942407430193971994}
  - {fileID: 5938147719281447522}
  - {fileID: 5938366956867015844}
  - {fileID: 5942118629032336888}
  - {fileID: 5938253271519233356}
  - {fileID: 5942219648623573118}
  - {fileID: 5942360502255598952}
  - {fileID: 5942224443502385704}
  - {fileID: 5942004058450114826}
  - {fileID: 5942222569504391892}
  - {fileID: 5938176855506803884}
  - {fileID: 5938134496443652992}
  - {fileID: 5938169834040040660}
  - {fileID: 5941995086623932826}
  - {fileID: 5938117911417436552}
  - {fileID: 5941952249272205766}
  - {fileID: 5938240476959564134}
  - {fileID: 5938288025668369812}
  - {fileID: 5938059427374115372}
  m_BlendShapeWeights: []
  m_RootBone: {fileID: 5942224443502385704}
  m_AABB:
    m_Center: {x: -0.5228612, y: -0.05290813, z: 0.74958897}
    m_Extent: {x: 0.10344863, y: 0.12246119, z: 0.20825976}
  m_DirtyAABB: 0
--- !u!1 &5935981152720598280
GameObject:
  m_ObjectHideFlags: 0
  m_CorrespondingSourceObject: {fileID: 0}
  m_PrefabInstance: {fileID: 0}
  m_PrefabAsset: {fileID: 0}
  serializedVersion: 6
  m_Component:
  - component: {fileID: 5938250485364682056}
  m_Layer: 12
  m_Name: Base Human001LDigit12
  m_TagString: Untagged
  m_Icon: {fileID: 0}
  m_NavMeshLayer: 0
  m_StaticEditorFlags: 0
  m_IsActive: 1
--- !u!4 &5938250485364682056
Transform:
  m_ObjectHideFlags: 0
  m_CorrespondingSourceObject: {fileID: 0}
  m_PrefabInstance: {fileID: 0}
  m_PrefabAsset: {fileID: 0}
  m_GameObject: {fileID: 5935981152720598280}
  m_LocalRotation: {x: -0.0000007301554, y: -0.00000013411048, z: -0.0000008046665,
    w: 1}
  m_LocalPosition: {x: -0.038666096, y: 0, z: 0}
  m_LocalScale: {x: 0.999995, y: 1.000002, z: 1.000002}
  m_Children:
  - {fileID: 5942293381515298622}
  m_Father: {fileID: 5938324589155686910}
  m_RootOrder: 0
  m_LocalEulerAnglesHint: {x: 0, y: 0, z: 0}
--- !u!1 &5935985356563082814
GameObject:
  m_ObjectHideFlags: 0
  m_CorrespondingSourceObject: {fileID: 0}
  m_PrefabInstance: {fileID: 0}
  m_PrefabAsset: {fileID: 0}
  serializedVersion: 6
  m_Component:
  - component: {fileID: 5938379173870298856}
  m_Layer: 12
  m_Name: Base Human001RDigit31
  m_TagString: Untagged
  m_Icon: {fileID: 0}
  m_NavMeshLayer: 0
  m_StaticEditorFlags: 0
  m_IsActive: 1
--- !u!4 &5938379173870298856
Transform:
  m_ObjectHideFlags: 0
  m_CorrespondingSourceObject: {fileID: 0}
  m_PrefabInstance: {fileID: 0}
  m_PrefabAsset: {fileID: 0}
  m_GameObject: {fileID: 5935985356563082814}
  m_LocalRotation: {x: 0.013116716, y: -0.04159661, z: 0.043577924, w: 0.99809754}
  m_LocalPosition: {x: -0.09214307, y: 0.006884193, z: -0.005239888}
  m_LocalScale: {x: 1.000001, y: 1, z: 0.999999}
  m_Children:
  - {fileID: 5942396166105933974}
  m_Father: {fileID: 5942300122992267368}
  m_RootOrder: 2
  m_LocalEulerAnglesHint: {x: 0, y: 0, z: 0}
--- !u!1 &5935990819124242654
GameObject:
  m_ObjectHideFlags: 0
  m_CorrespondingSourceObject: {fileID: 0}
  m_PrefabInstance: {fileID: 0}
  m_PrefabAsset: {fileID: 0}
  serializedVersion: 6
  m_Component:
  - component: {fileID: 5942219648623573118}
  m_Layer: 12
  m_Name: Base Human001LCalf
  m_TagString: Untagged
  m_Icon: {fileID: 0}
  m_NavMeshLayer: 0
  m_StaticEditorFlags: 0
  m_IsActive: 1
--- !u!4 &5942219648623573118
Transform:
  m_ObjectHideFlags: 0
  m_CorrespondingSourceObject: {fileID: 0}
  m_PrefabInstance: {fileID: 0}
  m_PrefabAsset: {fileID: 0}
  m_GameObject: {fileID: 5935990819124242654}
  m_LocalRotation: {x: 0.00011668194, y: 0.0004569546, z: 0.12411768, w: 0.99226743}
  m_LocalPosition: {x: -0.44389206, y: 0.0000006338954, z: -0.00000018596648}
  m_LocalScale: {x: 1, y: 1, z: 1}
  m_Children:
  - {fileID: 5942222569504391892}
  m_Father: {fileID: 5938117911417436552}
  m_RootOrder: 0
  m_LocalEulerAnglesHint: {x: 0, y: 0, z: 0}
--- !u!1 &5936018497944616990
GameObject:
  m_ObjectHideFlags: 0
  m_CorrespondingSourceObject: {fileID: 0}
  m_PrefabInstance: {fileID: 0}
  m_PrefabAsset: {fileID: 0}
  serializedVersion: 6
  m_Component:
  - component: {fileID: 5942293381515298622}
  m_Layer: 12
  m_Name: Base Human001LDigit13
  m_TagString: Untagged
  m_Icon: {fileID: 0}
  m_NavMeshLayer: 0
  m_StaticEditorFlags: 0
  m_IsActive: 1
--- !u!4 &5942293381515298622
Transform:
  m_ObjectHideFlags: 0
  m_CorrespondingSourceObject: {fileID: 0}
  m_PrefabInstance: {fileID: 0}
  m_PrefabAsset: {fileID: 0}
  m_GameObject: {fileID: 5936018497944616990}
  m_LocalRotation: {x: -0.0000007301554, y: -0.00000013411048, z: -0.0000008046665,
    w: 1}
  m_LocalPosition: {x: -0.038665865, y: 0.000000114440915, z: 0}
  m_LocalScale: {x: 0.999995, y: 1.000002, z: 1.000002}
  m_Children: []
  m_Father: {fileID: 5938250485364682056}
  m_RootOrder: 0
  m_LocalEulerAnglesHint: {x: 0, y: 0, z: 0}
--- !u!1 &5936022729372350524
GameObject:
  m_ObjectHideFlags: 0
  m_CorrespondingSourceObject: {fileID: 0}
  m_PrefabInstance: {fileID: 0}
  m_PrefabAsset: {fileID: 0}
  serializedVersion: 6
  m_Component:
  - component: {fileID: 5941992334250454380}
  m_Layer: 12
  m_Name: Base Human001RDigit41
  m_TagString: Untagged
  m_Icon: {fileID: 0}
  m_NavMeshLayer: 0
  m_StaticEditorFlags: 0
  m_IsActive: 1
--- !u!4 &5941992334250454380
Transform:
  m_ObjectHideFlags: 0
  m_CorrespondingSourceObject: {fileID: 0}
  m_PrefabInstance: {fileID: 0}
  m_PrefabAsset: {fileID: 0}
  m_GameObject: {fileID: 5936022729372350524}
  m_LocalRotation: {x: 0.039593134, y: -0.034300417, z: 0.022749143, w: 0.99836785}
  m_LocalPosition: {x: -0.093473054, y: 0.0028629685, z: 0.016420389}
  m_LocalScale: {x: 1.000001, y: 1, z: 0.999999}
  m_Children:
  - {fileID: 5938337906958282412}
  m_Father: {fileID: 5942300122992267368}
  m_RootOrder: 3
  m_LocalEulerAnglesHint: {x: 0, y: 0, z: 0}
--- !u!1 &5936028919202286720
GameObject:
  m_ObjectHideFlags: 0
  m_CorrespondingSourceObject: {fileID: 0}
  m_PrefabInstance: {fileID: 0}
  m_PrefabAsset: {fileID: 0}
  serializedVersion: 6
  m_Component:
  - component: {fileID: 5942004058450114826}
  m_Layer: 12
  m_Name: Base Human001RThigh
  m_TagString: Untagged
  m_Icon: {fileID: 0}
  m_NavMeshLayer: 0
  m_StaticEditorFlags: 0
  m_IsActive: 1
--- !u!4 &5942004058450114826
Transform:
  m_ObjectHideFlags: 0
  m_CorrespondingSourceObject: {fileID: 0}
  m_PrefabInstance: {fileID: 0}
  m_PrefabAsset: {fileID: 0}
  m_GameObject: {fileID: 5936028919202286720}
  m_LocalRotation: {x: 0.005942434, y: 0.9999648, z: 0.0049871034, w: 0.0032182161}
  m_LocalPosition: {x: -0.016830826, y: 0.0458911, z: -0.08598914}
  m_LocalScale: {x: 1, y: 1, z: 1}
  m_Children:
  - {fileID: 5941995086623932826}
  m_Father: {fileID: 5938346292413297336}
  m_RootOrder: 1
  m_LocalEulerAnglesHint: {x: 0, y: 0, z: 0}
--- !u!1 &5936032626322587224
GameObject:
  m_ObjectHideFlags: 0
  m_CorrespondingSourceObject: {fileID: 0}
  m_PrefabInstance: {fileID: 0}
  m_PrefabAsset: {fileID: 0}
  serializedVersion: 6
  m_Component:
  - component: {fileID: 5938410663099167842}
  m_Layer: 12
  m_Name: Base Human001RDigit33
  m_TagString: Untagged
  m_Icon: {fileID: 0}
  m_NavMeshLayer: 0
  m_StaticEditorFlags: 0
  m_IsActive: 1
--- !u!4 &5938410663099167842
Transform:
  m_ObjectHideFlags: 0
  m_CorrespondingSourceObject: {fileID: 0}
  m_PrefabInstance: {fileID: 0}
  m_PrefabAsset: {fileID: 0}
  m_GameObject: {fileID: 5936032626322587224}
  m_LocalRotation: {x: 0.0000005569312, y: 0.0000011078071, z: -0.00000042840864,
    w: 1}
  m_LocalPosition: {x: -0.03242134, y: 0.000000114440915, z: 0.00000007867813}
  m_LocalScale: {x: 1.000001, y: 1, z: 0.999999}
  m_Children: []
  m_Father: {fileID: 5942396166105933974}
  m_RootOrder: 0
  m_LocalEulerAnglesHint: {x: 0, y: 0, z: 0}
--- !u!1 &5936038252080573426
GameObject:
  m_ObjectHideFlags: 0
  m_CorrespondingSourceObject: {fileID: 0}
  m_PrefabInstance: {fileID: 0}
  m_PrefabAsset: {fileID: 0}
  serializedVersion: 6
  m_Component:
  - component: {fileID: 5938175078024953656}
  - component: {fileID: 6017317579107789682}
  m_Layer: 12
  m_Name: LKnee
  m_TagString: Untagged
  m_Icon: {fileID: 0}
  m_NavMeshLayer: 0
  m_StaticEditorFlags: 0
  m_IsActive: 1
--- !u!4 &5938175078024953656
Transform:
  m_ObjectHideFlags: 0
  m_CorrespondingSourceObject: {fileID: 0}
  m_PrefabInstance: {fileID: 0}
  m_PrefabAsset: {fileID: 0}
  m_GameObject: {fileID: 5936038252080573426}
  m_LocalRotation: {x: -0.7071068, y: 0, z: -0, w: 0.7071068}
  m_LocalPosition: {x: -0.10182094, y: 0.5294149, z: -0.032129154}
  m_LocalScale: {x: 1, y: 1, z: 1}
  m_Children: []
  m_Father: {fileID: 5938222198731673780}
  m_RootOrder: 8
  m_LocalEulerAnglesHint: {x: 0, y: 0, z: 0}
--- !u!137 &6017317579107789682
SkinnedMeshRenderer:
  m_ObjectHideFlags: 0
  m_CorrespondingSourceObject: {fileID: 0}
  m_PrefabInstance: {fileID: 0}
  m_PrefabAsset: {fileID: 0}
  m_GameObject: {fileID: 5936038252080573426}
  m_Enabled: 1
  m_CastShadows: 1
  m_ReceiveShadows: 1
  m_DynamicOccludee: 1
  m_MotionVectors: 1
  m_LightProbeUsage: 1
  m_ReflectionProbeUsage: 1
  m_RenderingLayerMask: 1
  m_RendererPriority: 0
  m_Materials:
  - {fileID: 2100000, guid: fe67ab9f670f9f049bf5fdfa8ca9854d, type: 2}
  m_StaticBatchInfo:
    firstSubMesh: 0
    subMeshCount: 0
  m_StaticBatchRoot: {fileID: 0}
  m_ProbeAnchor: {fileID: 0}
  m_LightProbeVolumeOverride: {fileID: 0}
  m_ScaleInLightmap: 1
  m_PreserveUVs: 0
  m_IgnoreNormalsForChartDetection: 0
  m_ImportantGI: 0
  m_StitchLightmapSeams: 0
  m_SelectedEditorRenderState: 3
  m_MinimumChartSize: 4
  m_AutoUVMaxDistance: 0.5
  m_AutoUVMaxAngle: 89
  m_LightmapParameters: {fileID: 0}
  m_SortingLayerID: 0
  m_SortingLayer: 0
  m_SortingOrder: 0
  serializedVersion: 2
  m_Quality: 0
  m_UpdateWhenOffscreen: 0
  m_SkinnedMotionVectors: 1
  m_Mesh: {fileID: 4300018, guid: 67881c3bda223a241a81ca03fda3a623, type: 3}
  m_Bones:
  - {fileID: 5938117911417436552}
  - {fileID: 5942219648623573118}
  - {fileID: 5938346292413297336}
  - {fileID: 5938399393162706292}
  - {fileID: 5942222569504391892}
  - {fileID: 5942360502255598952}
  - {fileID: 5942004058450114826}
  - {fileID: 5941995086623932826}
  - {fileID: 5938288025668369812}
  - {fileID: 5938240476959564134}
  - {fileID: 5942224443502385704}
  - {fileID: 5938059427374115372}
  - {fileID: 5938134496443652992}
  - {fileID: 5938176855506803884}
  - {fileID: 5941952249272205766}
  - {fileID: 5938169834040040660}
  - {fileID: 5942318538704843630}
  - {fileID: 5938116371855840936}
  - {fileID: 5938324589155686910}
  - {fileID: 5938250485364682056}
  m_BlendShapeWeights: []
  m_RootBone: {fileID: 5938346292413297336}
  m_AABB:
    m_Center: {x: 0.389656, y: -0.0035752803, z: 0.102186576}
    m_Extent: {x: 0.20335549, y: 0.15447524, z: 0.08564748}
  m_DirtyAABB: 0
--- !u!1 &5936043881501980144
GameObject:
  m_ObjectHideFlags: 0
  m_CorrespondingSourceObject: {fileID: 0}
  m_PrefabInstance: {fileID: 0}
  m_PrefabAsset: {fileID: 0}
  serializedVersion: 6
  m_Component:
  - component: {fileID: 5942161668114319158}
  m_Layer: 12
  m_Name: Base Human001LDigit41
  m_TagString: Untagged
  m_Icon: {fileID: 0}
  m_NavMeshLayer: 0
  m_StaticEditorFlags: 0
  m_IsActive: 1
--- !u!4 &5942161668114319158
Transform:
  m_ObjectHideFlags: 0
  m_CorrespondingSourceObject: {fileID: 0}
  m_PrefabInstance: {fileID: 0}
  m_PrefabAsset: {fileID: 0}
  m_GameObject: {fileID: 5936043881501980144}
  m_LocalRotation: {x: -0.0395919, y: 0.03430112, z: 0.022747403, w: 0.9983679}
  m_LocalPosition: {x: -0.09331192, y: -0.00046749113, z: -0.016161101}
  m_LocalScale: {x: 0.999999, y: 1, z: 1}
  m_Children:
  - {fileID: 5938465293904694752}
  m_Father: {fileID: 5938116371855840936}
  m_RootOrder: 3
  m_LocalEulerAnglesHint: {x: 0, y: 0, z: 0}
--- !u!1 &5936382217940463740
GameObject:
  m_ObjectHideFlags: 0
  m_CorrespondingSourceObject: {fileID: 0}
  m_PrefabInstance: {fileID: 0}
  m_PrefabAsset: {fileID: 0}
  serializedVersion: 6
  m_Component:
  - component: {fileID: 5938161263589595328}
  m_Layer: 12
  m_Name: Base Human001RDigit21
  m_TagString: Untagged
  m_Icon: {fileID: 0}
  m_NavMeshLayer: 0
  m_StaticEditorFlags: 0
  m_IsActive: 1
--- !u!4 &5938161263589595328
Transform:
  m_ObjectHideFlags: 0
  m_CorrespondingSourceObject: {fileID: 0}
  m_PrefabInstance: {fileID: 0}
  m_PrefabAsset: {fileID: 0}
  m_GameObject: {fileID: 5936382217940463740}
  m_LocalRotation: {x: 0.026083242, y: -0.061988737, z: 0.0006805528, w: 0.99773574}
  m_LocalPosition: {x: -0.09157264, y: 0.00074100494, z: -0.026892602}
  m_LocalScale: {x: 1.000001, y: 1, z: 0.999999}
  m_Children:
  - {fileID: 5942178337461636112}
  m_Father: {fileID: 5942300122992267368}
  m_RootOrder: 1
  m_LocalEulerAnglesHint: {x: 0, y: 0, z: 0}
--- !u!1 &5936386669528194046
GameObject:
  m_ObjectHideFlags: 0
  m_CorrespondingSourceObject: {fileID: 0}
  m_PrefabInstance: {fileID: 0}
  m_PrefabAsset: {fileID: 0}
  serializedVersion: 6
  m_Component:
  - component: {fileID: 5938161257960627852}
  - component: {fileID: 6020897411840563294}
  m_Layer: 12
  m_Name: RFoot
  m_TagString: Untagged
  m_Icon: {fileID: 0}
  m_NavMeshLayer: 0
  m_StaticEditorFlags: 0
  m_IsActive: 1
--- !u!4 &5938161257960627852
Transform:
  m_ObjectHideFlags: 0
  m_CorrespondingSourceObject: {fileID: 0}
  m_PrefabInstance: {fileID: 0}
  m_PrefabAsset: {fileID: 0}
  m_GameObject: {fileID: 5936386669528194046}
  m_LocalRotation: {x: -0.7071068, y: 0, z: -0, w: 0.7071068}
  m_LocalPosition: {x: 0.08620883, y: 0.17408627, z: 0.014075732}
  m_LocalScale: {x: 1, y: 1, z: 1}
  m_Children: []
  m_Father: {fileID: 5938222198731673780}
  m_RootOrder: 11
  m_LocalEulerAnglesHint: {x: 0, y: 0, z: 0}
--- !u!137 &6020897411840563294
SkinnedMeshRenderer:
  m_ObjectHideFlags: 0
  m_CorrespondingSourceObject: {fileID: 0}
  m_PrefabInstance: {fileID: 0}
  m_PrefabAsset: {fileID: 0}
  m_GameObject: {fileID: 5936386669528194046}
  m_Enabled: 1
  m_CastShadows: 1
  m_ReceiveShadows: 1
  m_DynamicOccludee: 1
  m_MotionVectors: 1
  m_LightProbeUsage: 1
  m_ReflectionProbeUsage: 1
  m_RenderingLayerMask: 1
  m_RendererPriority: 0
  m_Materials:
  - {fileID: 2100000, guid: fe67ab9f670f9f049bf5fdfa8ca9854d, type: 2}
  m_StaticBatchInfo:
    firstSubMesh: 0
    subMeshCount: 0
  m_StaticBatchRoot: {fileID: 0}
  m_ProbeAnchor: {fileID: 0}
  m_LightProbeVolumeOverride: {fileID: 0}
  m_ScaleInLightmap: 1
  m_PreserveUVs: 0
  m_IgnoreNormalsForChartDetection: 0
  m_ImportantGI: 0
  m_StitchLightmapSeams: 0
  m_SelectedEditorRenderState: 3
  m_MinimumChartSize: 4
  m_AutoUVMaxDistance: 0.5
  m_AutoUVMaxAngle: 89
  m_LightmapParameters: {fileID: 0}
  m_SortingLayerID: 0
  m_SortingLayer: 0
  m_SortingOrder: 0
  serializedVersion: 2
  m_Quality: 0
  m_UpdateWhenOffscreen: 0
  m_SkinnedMotionVectors: 1
  m_Mesh: {fileID: 4300000, guid: 67881c3bda223a241a81ca03fda3a623, type: 3}
  m_Bones:
  - {fileID: 5941995086623932826}
  - {fileID: 5938288025668369812}
  - {fileID: 5938240476959564134}
  - {fileID: 5938117911417436552}
  - {fileID: 5942360502255598952}
  - {fileID: 5942004058450114826}
  - {fileID: 5938346292413297336}
  - {fileID: 5942222569504391892}
  - {fileID: 5942219648623573118}
  - {fileID: 5938399393162706292}
  - {fileID: 5942224443502385704}
  - {fileID: 5938059427374115372}
  - {fileID: 5938134496443652992}
  - {fileID: 5938176855506803884}
  - {fileID: 5941952249272205766}
  - {fileID: 5938169834040040660}
  - {fileID: 5942318538704843630}
  - {fileID: 5938116371855840936}
  - {fileID: 5938324589155686910}
  - {fileID: 5938250485364682056}
  m_BlendShapeWeights: []
  m_RootBone: {fileID: 5938346292413297336}
  m_AABB:
    m_Center: {x: 0.73666817, y: 0.01761046, z: -0.08742623}
    m_Extent: {x: 0.21442068, y: 0.21450612, z: 0.104196444}
  m_DirtyAABB: 0
--- !u!1 &5936394869761684490
GameObject:
  m_ObjectHideFlags: 0
  m_CorrespondingSourceObject: {fileID: 0}
  m_PrefabInstance: {fileID: 0}
  m_PrefabAsset: {fileID: 0}
  serializedVersion: 6
  m_Component:
  - component: {fileID: 5942122369721084810}
  - component: {fileID: 6017139783299903528}
  m_Layer: 12
  m_Name: LElbow
  m_TagString: Untagged
  m_Icon: {fileID: 0}
  m_NavMeshLayer: 0
  m_StaticEditorFlags: 0
  m_IsActive: 1
--- !u!4 &5942122369721084810
Transform:
  m_ObjectHideFlags: 0
  m_CorrespondingSourceObject: {fileID: 0}
  m_PrefabInstance: {fileID: 0}
  m_PrefabAsset: {fileID: 0}
  m_GameObject: {fileID: 5936394869761684490}
  m_LocalRotation: {x: -0.7071068, y: 0, z: -0, w: 0.7071068}
  m_LocalPosition: {x: -0.44423115, y: 1.4890816, z: -0.061779004}
  m_LocalScale: {x: 1, y: 1, z: 1}
  m_Children: []
  m_Father: {fileID: 5938222198731673780}
  m_RootOrder: 5
  m_LocalEulerAnglesHint: {x: 0, y: 0, z: 0}
--- !u!137 &6017139783299903528
SkinnedMeshRenderer:
  m_ObjectHideFlags: 0
  m_CorrespondingSourceObject: {fileID: 0}
  m_PrefabInstance: {fileID: 0}
  m_PrefabAsset: {fileID: 0}
  m_GameObject: {fileID: 5936394869761684490}
  m_Enabled: 1
  m_CastShadows: 1
  m_ReceiveShadows: 1
  m_DynamicOccludee: 1
  m_MotionVectors: 1
  m_LightProbeUsage: 1
  m_ReflectionProbeUsage: 1
  m_RenderingLayerMask: 1
  m_RendererPriority: 0
  m_Materials:
  - {fileID: 2100000, guid: fe67ab9f670f9f049bf5fdfa8ca9854d, type: 2}
  m_StaticBatchInfo:
    firstSubMesh: 0
    subMeshCount: 0
  m_StaticBatchRoot: {fileID: 0}
  m_ProbeAnchor: {fileID: 0}
  m_LightProbeVolumeOverride: {fileID: 0}
  m_ScaleInLightmap: 1
  m_PreserveUVs: 0
  m_IgnoreNormalsForChartDetection: 0
  m_ImportantGI: 0
  m_StitchLightmapSeams: 0
  m_SelectedEditorRenderState: 3
  m_MinimumChartSize: 4
  m_AutoUVMaxDistance: 0.5
  m_AutoUVMaxAngle: 89
  m_LightmapParameters: {fileID: 0}
  m_SortingLayerID: 0
  m_SortingLayer: 0
  m_SortingOrder: 0
  serializedVersion: 2
  m_Quality: 0
  m_UpdateWhenOffscreen: 0
  m_SkinnedMotionVectors: 1
  m_Mesh: {fileID: 4300008, guid: 67881c3bda223a241a81ca03fda3a623, type: 3}
  m_Bones:
  - {fileID: 5938169834040040660}
  - {fileID: 5942318538704843630}
  - {fileID: 5938117911417436552}
  - {fileID: 5942219648623573118}
  - {fileID: 5942222569504391892}
  - {fileID: 5942360502255598952}
  - {fileID: 5942004058450114826}
  - {fileID: 5941995086623932826}
  - {fileID: 5938346292413297336}
  - {fileID: 5938240476959564134}
  - {fileID: 5942224443502385704}
  - {fileID: 5938059427374115372}
  - {fileID: 5938134496443652992}
  - {fileID: 5938176855506803884}
  - {fileID: 5941952249272205766}
  - {fileID: 5938288025668369812}
  - {fileID: 5938399393162706292}
  - {fileID: 5938116371855840936}
  - {fileID: 5938324589155686910}
  - {fileID: 5938250485364682056}
  m_BlendShapeWeights: []
  m_RootBone: {fileID: 5938346292413297336}
  m_AABB:
    m_Center: {x: -0.5740565, y: -0.010841161, z: 0.4463184}
    m_Extent: {x: 0.08432549, y: 0.090275854, z: 0.1367029}
  m_DirtyAABB: 0
--- !u!1 &5936415882837329166
GameObject:
  m_ObjectHideFlags: 0
  m_CorrespondingSourceObject: {fileID: 0}
  m_PrefabInstance: {fileID: 0}
  m_PrefabAsset: {fileID: 0}
  serializedVersion: 6
  m_Component:
  - component: {fileID: 5938176855506803884}
  m_Layer: 12
  m_Name: Base Human001Ribcage
  m_TagString: Untagged
  m_Icon: {fileID: 0}
  m_NavMeshLayer: 0
  m_StaticEditorFlags: 0
  m_IsActive: 1
--- !u!4 &5938176855506803884
Transform:
  m_ObjectHideFlags: 0
  m_CorrespondingSourceObject: {fileID: 0}
  m_PrefabInstance: {fileID: 0}
  m_PrefabAsset: {fileID: 0}
  m_GameObject: {fileID: 5936415882837329166}
  m_LocalRotation: {x: -9.871206e-10, y: -0.000000011467285, z: -0.12805311, w: 0.99176735}
  m_LocalPosition: {x: -0.1941624, y: 0, z: 0}
  m_LocalScale: {x: 1, y: 1, z: 1}
  m_Children:
  - {fileID: 5941952249272205766}
  - {fileID: 5942355847192827362}
  - {fileID: 5942301328507045522}
  m_Father: {fileID: 5938134496443652992}
  m_RootOrder: 0
  m_LocalEulerAnglesHint: {x: 0, y: 0, z: 0}
--- !u!1 &5936430483381250594
GameObject:
  m_ObjectHideFlags: 0
  m_CorrespondingSourceObject: {fileID: 0}
  m_PrefabInstance: {fileID: 0}
  m_PrefabAsset: {fileID: 0}
  serializedVersion: 6
  m_Component:
  - component: {fileID: 5938240476959564134}
  m_Layer: 12
  m_Name: Base Human001RDigit11
  m_TagString: Untagged
  m_Icon: {fileID: 0}
  m_NavMeshLayer: 0
  m_StaticEditorFlags: 0
  m_IsActive: 1
--- !u!4 &5938240476959564134
Transform:
  m_ObjectHideFlags: 0
  m_CorrespondingSourceObject: {fileID: 0}
  m_PrefabInstance: {fileID: 0}
  m_PrefabAsset: {fileID: 0}
  m_GameObject: {fileID: 5936430483381250594}
  m_LocalRotation: {x: 0.000059456757, y: -0.000042196083, z: -0.024530826, w: 0.99969906}
  m_LocalPosition: {x: -0.19004744, y: 0.000000007152557, z: -0.000000021457671}
  m_LocalScale: {x: 1, y: 1, z: 1}
  m_Children: []
  m_Father: {fileID: 5938288025668369812}
  m_RootOrder: 0
  m_LocalEulerAnglesHint: {x: 0, y: 0, z: 0}
--- !u!1 &5936438171556662418
GameObject:
  m_ObjectHideFlags: 0
  m_CorrespondingSourceObject: {fileID: 0}
  m_PrefabInstance: {fileID: 0}
  m_PrefabAsset: {fileID: 0}
  serializedVersion: 6
  m_Component:
  - component: {fileID: 5942091548229497528}
  m_Layer: 12
  m_Name: Base Human001RDigit52
  m_TagString: Untagged
  m_Icon: {fileID: 0}
  m_NavMeshLayer: 0
  m_StaticEditorFlags: 0
  m_IsActive: 1
--- !u!4 &5942091548229497528
Transform:
  m_ObjectHideFlags: 0
  m_CorrespondingSourceObject: {fileID: 0}
  m_PrefabInstance: {fileID: 0}
  m_PrefabAsset: {fileID: 0}
  m_GameObject: {fileID: 5936438171556662418}
  m_LocalRotation: {x: -0.013673882, y: 0.0000009822869, z: -0.0000005193329, w: 0.99990654}
  m_LocalPosition: {x: -0.026911067, y: 0, z: 0.000000042915342}
  m_LocalScale: {x: 1.000001, y: 1, z: 0.999999}
  m_Children:
  - {fileID: 5938089284414929876}
  m_Father: {fileID: 5942363191078851112}
  m_RootOrder: 0
  m_LocalEulerAnglesHint: {x: 0, y: 0, z: 0}
--- !u!1 &5936484328635771266
GameObject:
  m_ObjectHideFlags: 0
  m_CorrespondingSourceObject: {fileID: 0}
  m_PrefabInstance: {fileID: 0}
  m_PrefabAsset: {fileID: 0}
  serializedVersion: 6
  m_Component:
  - component: {fileID: 5942178337461636112}
  m_Layer: 12
  m_Name: Base Human001RDigit22
  m_TagString: Untagged
  m_Icon: {fileID: 0}
  m_NavMeshLayer: 0
  m_StaticEditorFlags: 0
  m_IsActive: 1
--- !u!4 &5942178337461636112
Transform:
  m_ObjectHideFlags: 0
  m_CorrespondingSourceObject: {fileID: 0}
  m_PrefabInstance: {fileID: 0}
  m_PrefabAsset: {fileID: 0}
  m_GameObject: {fileID: 5936484328635771266}
  m_LocalRotation: {x: 0.0000005255867, y: 0.0000011473778, z: 0.019286307, w: 0.99981403}
  m_LocalPosition: {x: -0.03522829, y: 0.000000114440915, z: 0.00000007867813}
  m_LocalScale: {x: 1.000001, y: 1, z: 0.999999}
  m_Children:
  - {fileID: 5942275840583600616}
  m_Father: {fileID: 5938161263589595328}
  m_RootOrder: 0
  m_LocalEulerAnglesHint: {x: 0, y: 0, z: 0}
--- !u!1 &5936484509670868682
GameObject:
  m_ObjectHideFlags: 0
  m_CorrespondingSourceObject: {fileID: 0}
  m_PrefabInstance: {fileID: 0}
  m_PrefabAsset: {fileID: 0}
  serializedVersion: 6
  m_Component:
  - component: {fileID: 5941995086623932826}
  m_Layer: 12
  m_Name: Base Human001RCalf
  m_TagString: Untagged
  m_Icon: {fileID: 0}
  m_NavMeshLayer: 0
  m_StaticEditorFlags: 0
  m_IsActive: 1
--- !u!4 &5941995086623932826
Transform:
  m_ObjectHideFlags: 0
  m_CorrespondingSourceObject: {fileID: 0}
  m_PrefabInstance: {fileID: 0}
  m_PrefabAsset: {fileID: 0}
  m_GameObject: {fileID: 5936484509670868682}
  m_LocalRotation: {x: -0.00010222639, y: -0.00036264944, z: 0.13417155, w: 0.99095803}
  m_LocalPosition: {x: -0.44427526, y: 0.00000064238907, z: 0.00000024318695}
  m_LocalScale: {x: 1, y: 1, z: 1}
  m_Children:
  - {fileID: 5938288025668369812}
  m_Father: {fileID: 5942004058450114826}
  m_RootOrder: 0
  m_LocalEulerAnglesHint: {x: 0, y: 0, z: 0}
--- !u!1 &5936495778608227868
GameObject:
  m_ObjectHideFlags: 0
  m_CorrespondingSourceObject: {fileID: 0}
  m_PrefabInstance: {fileID: 0}
  m_PrefabAsset: {fileID: 0}
  serializedVersion: 6
  m_Component:
  - component: {fileID: 5938059427374115372}
  m_Layer: 12
  m_Name: Base Human001Spine2
  m_TagString: Untagged
  m_Icon: {fileID: 0}
  m_NavMeshLayer: 0
  m_StaticEditorFlags: 0
  m_IsActive: 1
--- !u!4 &5938059427374115372
Transform:
  m_ObjectHideFlags: 0
  m_CorrespondingSourceObject: {fileID: 0}
  m_PrefabInstance: {fileID: 0}
  m_PrefabAsset: {fileID: 0}
  m_GameObject: {fileID: 5936495778608227868}
  m_LocalRotation: {x: -0.000000007443419, y: 0.000000024838084, z: 0.15593572, w: 0.9877672}
  m_LocalPosition: {x: -0.21209764, y: 0.000000014305114, z: 0}
  m_LocalScale: {x: 1, y: 1, z: 1}
  m_Children:
  - {fileID: 5938134496443652992}
  m_Father: {fileID: 5942224443502385704}
  m_RootOrder: 0
  m_LocalEulerAnglesHint: {x: 0, y: 0, z: 0}
--- !u!1 &5936510707363838974
GameObject:
  m_ObjectHideFlags: 0
  m_CorrespondingSourceObject: {fileID: 0}
  m_PrefabInstance: {fileID: 0}
  m_PrefabAsset: {fileID: 0}
  serializedVersion: 6
  m_Component:
  - component: {fileID: 5941948855873982060}
  m_Layer: 12
  m_Name: Base Human001LDigit21
  m_TagString: Untagged
  m_Icon: {fileID: 0}
  m_NavMeshLayer: 0
  m_StaticEditorFlags: 0
  m_IsActive: 1
--- !u!4 &5941948855873982060
Transform:
  m_ObjectHideFlags: 0
  m_CorrespondingSourceObject: {fileID: 0}
  m_PrefabInstance: {fileID: 0}
  m_PrefabAsset: {fileID: 0}
  m_GameObject: {fileID: 5936510707363838974}
  m_LocalRotation: {x: -0.026081933, y: 0.061989505, z: 0.0006786759, w: 0.99773574}
  m_LocalPosition: {x: -0.09136968, y: -0.00251976, z: 0.028569942}
  m_LocalScale: {x: 1, y: 1, z: 1}
  m_Children:
  - {fileID: 5938147719281447522}
  m_Father: {fileID: 5938116371855840936}
  m_RootOrder: 1
  m_LocalEulerAnglesHint: {x: 0, y: 0, z: 0}
--- !u!1 &5936520013078543846
GameObject:
  m_ObjectHideFlags: 0
  m_CorrespondingSourceObject: {fileID: 0}
  m_PrefabInstance: {fileID: 0}
  m_PrefabAsset: {fileID: 0}
  serializedVersion: 6
  m_Component:
  - component: {fileID: 5942224443502385704}
  m_Layer: 12
  m_Name: Base Human001Spine1
  m_TagString: Untagged
  m_Icon: {fileID: 0}
  m_NavMeshLayer: 0
  m_StaticEditorFlags: 0
  m_IsActive: 1
--- !u!4 &5942224443502385704
Transform:
  m_ObjectHideFlags: 0
  m_CorrespondingSourceObject: {fileID: 0}
  m_PrefabInstance: {fileID: 0}
  m_PrefabAsset: {fileID: 0}
  m_GameObject: {fileID: 5936520013078543846}
  m_LocalRotation: {x: 0.000000012511717, y: -0.00000004602685, z: -0.07211444, w: 0.99739635}
  m_LocalPosition: {x: -0.04467905, y: -0.003418411, z: -0.000000008483928}
  m_LocalScale: {x: 1, y: 1, z: 1}
  m_Children:
  - {fileID: 5938059427374115372}
  m_Father: {fileID: 5938346292413297336}
  m_RootOrder: 2
  m_LocalEulerAnglesHint: {x: 0, y: 0, z: 0}
--- !u!1 &5936523978852285688
GameObject:
  m_ObjectHideFlags: 0
  m_CorrespondingSourceObject: {fileID: 0}
  m_PrefabInstance: {fileID: 0}
  m_PrefabAsset: {fileID: 0}
  serializedVersion: 6
  m_Component:
  - component: {fileID: 5938116371855840936}
  m_Layer: 12
  m_Name: Base Human001LPalm
  m_TagString: Untagged
  m_Icon: {fileID: 0}
  m_NavMeshLayer: 0
  m_StaticEditorFlags: 0
  m_IsActive: 1
--- !u!4 &5938116371855840936
Transform:
  m_ObjectHideFlags: 0
  m_CorrespondingSourceObject: {fileID: 0}
  m_PrefabInstance: {fileID: 0}
  m_PrefabAsset: {fileID: 0}
  m_GameObject: {fileID: 5936523978852285688}
  m_LocalRotation: {x: -0.7284958, y: -0.08201478, z: 0.06305302, w: 0.67719406}
  m_LocalPosition: {x: -0.27822828, y: -0.000000028610229, z: -0.000000114440915}
  m_LocalScale: {x: 1, y: 1, z: 1}
  m_Children:
  - {fileID: 5938324589155686910}
  - {fileID: 5941948855873982060}
  - {fileID: 5942405294060391574}
  - {fileID: 5942161668114319158}
  - {fileID: 5941938308364836256}
  m_Father: {fileID: 5942318538704843630}
  m_RootOrder: 0
  m_LocalEulerAnglesHint: {x: 0, y: 0, z: 0}
--- !u!1 &5936539359548698962
GameObject:
  m_ObjectHideFlags: 0
  m_CorrespondingSourceObject: {fileID: 0}
  m_PrefabInstance: {fileID: 0}
  m_PrefabAsset: {fileID: 0}
  serializedVersion: 6
  m_Component:
  - component: {fileID: 5941938004588325100}
  - component: {fileID: 6020848579526135496}
  m_Layer: 12
  m_Name: LFoot
  m_TagString: Untagged
  m_Icon: {fileID: 0}
  m_NavMeshLayer: 0
  m_StaticEditorFlags: 0
  m_IsActive: 1
--- !u!4 &5941938004588325100
Transform:
  m_ObjectHideFlags: 0
  m_CorrespondingSourceObject: {fileID: 0}
  m_PrefabInstance: {fileID: 0}
  m_PrefabAsset: {fileID: 0}
  m_GameObject: {fileID: 5936539359548698962}
  m_LocalRotation: {x: -0.7071068, y: 0, z: -0, w: 0.7071068}
  m_LocalPosition: {x: -0.11256945, y: 0.1839841, z: 0.022392225}
  m_LocalScale: {x: 1, y: 1, z: 1}
  m_Children: []
  m_Father: {fileID: 5938222198731673780}
  m_RootOrder: 6
  m_LocalEulerAnglesHint: {x: 0, y: 0, z: 0}
--- !u!137 &6020848579526135496
SkinnedMeshRenderer:
  m_ObjectHideFlags: 0
  m_CorrespondingSourceObject: {fileID: 0}
  m_PrefabInstance: {fileID: 0}
  m_PrefabAsset: {fileID: 0}
  m_GameObject: {fileID: 5936539359548698962}
  m_Enabled: 1
  m_CastShadows: 1
  m_ReceiveShadows: 1
  m_DynamicOccludee: 1
  m_MotionVectors: 1
  m_LightProbeUsage: 1
  m_ReflectionProbeUsage: 1
  m_RenderingLayerMask: 1
  m_RendererPriority: 0
  m_Materials:
  - {fileID: 2100000, guid: fe67ab9f670f9f049bf5fdfa8ca9854d, type: 2}
  m_StaticBatchInfo:
    firstSubMesh: 0
    subMeshCount: 0
  m_StaticBatchRoot: {fileID: 0}
  m_ProbeAnchor: {fileID: 0}
  m_LightProbeVolumeOverride: {fileID: 0}
  m_ScaleInLightmap: 1
  m_PreserveUVs: 0
  m_IgnoreNormalsForChartDetection: 0
  m_ImportantGI: 0
  m_StitchLightmapSeams: 0
  m_SelectedEditorRenderState: 3
  m_MinimumChartSize: 4
  m_AutoUVMaxDistance: 0.5
  m_AutoUVMaxAngle: 89
  m_LightmapParameters: {fileID: 0}
  m_SortingLayerID: 0
  m_SortingLayer: 0
  m_SortingOrder: 0
  serializedVersion: 2
  m_Quality: 0
  m_UpdateWhenOffscreen: 0
  m_SkinnedMotionVectors: 1
  m_Mesh: {fileID: 4300020, guid: 67881c3bda223a241a81ca03fda3a623, type: 3}
  m_Bones:
  - {fileID: 5942219648623573118}
  - {fileID: 5942222569504391892}
  - {fileID: 5942360502255598952}
  - {fileID: 5938117911417436552}
  - {fileID: 5938346292413297336}
  - {fileID: 5938399393162706292}
  - {fileID: 5942004058450114826}
  - {fileID: 5941995086623932826}
  - {fileID: 5938288025668369812}
  - {fileID: 5938240476959564134}
  - {fileID: 5942224443502385704}
  - {fileID: 5938059427374115372}
  - {fileID: 5938134496443652992}
  - {fileID: 5938176855506803884}
  - {fileID: 5941952249272205766}
  - {fileID: 5938169834040040660}
  - {fileID: 5942318538704843630}
  - {fileID: 5938116371855840936}
  - {fileID: 5938324589155686910}
  - {fileID: 5938250485364682056}
  m_BlendShapeWeights: []
  m_RootBone: {fileID: 5938346292413297336}
  m_AABB:
    m_Center: {x: 0.7313007, y: 0.02273529, z: 0.11350412}
    m_Extent: {x: 0.21407801, y: 0.21370134, z: 0.10125264}
  m_DirtyAABB: 0
--- !u!1 &5936569167315543008
GameObject:
  m_ObjectHideFlags: 0
  m_CorrespondingSourceObject: {fileID: 0}
  m_PrefabInstance: {fileID: 0}
  m_PrefabAsset: {fileID: 0}
  serializedVersion: 6
  m_Component:
  - component: {fileID: 5938377570688708230}
  - component: {fileID: 6021253045035246614}
  m_Layer: 12
  m_Name: Chest
  m_TagString: Untagged
  m_Icon: {fileID: 0}
  m_NavMeshLayer: 0
  m_StaticEditorFlags: 0
  m_IsActive: 1
--- !u!4 &5938377570688708230
Transform:
  m_ObjectHideFlags: 0
  m_CorrespondingSourceObject: {fileID: 0}
  m_PrefabInstance: {fileID: 0}
  m_PrefabAsset: {fileID: 0}
  m_GameObject: {fileID: 5936569167315543008}
  m_LocalRotation: {x: -0.7071068, y: 0, z: -0, w: 0.7071068}
  m_LocalPosition: {x: -0.005212697, y: 1.3972985, z: -0.030010972}
  m_LocalScale: {x: 1, y: 1, z: 1}
  m_Children: []
  m_Father: {fileID: 5938222198731673780}
  m_RootOrder: 3
  m_LocalEulerAnglesHint: {x: 0, y: 0, z: 0}
--- !u!137 &6021253045035246614
SkinnedMeshRenderer:
  m_ObjectHideFlags: 0
  m_CorrespondingSourceObject: {fileID: 0}
  m_PrefabInstance: {fileID: 0}
  m_PrefabAsset: {fileID: 0}
  m_GameObject: {fileID: 5936569167315543008}
  m_Enabled: 1
  m_CastShadows: 1
  m_ReceiveShadows: 1
  m_DynamicOccludee: 1
  m_MotionVectors: 1
  m_LightProbeUsage: 1
  m_ReflectionProbeUsage: 1
  m_RenderingLayerMask: 1
  m_RendererPriority: 0
  m_Materials:
  - {fileID: 2100000, guid: fe67ab9f670f9f049bf5fdfa8ca9854d, type: 2}
  m_StaticBatchInfo:
    firstSubMesh: 0
    subMeshCount: 0
  m_StaticBatchRoot: {fileID: 0}
  m_ProbeAnchor: {fileID: 0}
  m_LightProbeVolumeOverride: {fileID: 0}
  m_ScaleInLightmap: 1
  m_PreserveUVs: 0
  m_IgnoreNormalsForChartDetection: 0
  m_ImportantGI: 0
  m_StitchLightmapSeams: 0
  m_SelectedEditorRenderState: 3
  m_MinimumChartSize: 4
  m_AutoUVMaxDistance: 0.5
  m_AutoUVMaxAngle: 89
  m_LightmapParameters: {fileID: 0}
  m_SortingLayerID: 0
  m_SortingLayer: 0
  m_SortingOrder: 0
  serializedVersion: 2
  m_Quality: 0
  m_UpdateWhenOffscreen: 0
  m_SkinnedMotionVectors: 1
  m_Mesh: {fileID: 4300004, guid: 67881c3bda223a241a81ca03fda3a623, type: 3}
  m_Bones:
  - {fileID: 5938169834040040660}
  - {fileID: 5941952249272205766}
  - {fileID: 5938059427374115372}
  - {fileID: 5938134496443652992}
  - {fileID: 5938176855506803884}
  - {fileID: 5942301328507045522}
  - {fileID: 5942355847192827362}
  - {fileID: 5942086192378316296}
  - {fileID: 5938288025668369812}
  - {fileID: 5938240476959564134}
  - {fileID: 5942224443502385704}
  - {fileID: 5941995086623932826}
  - {fileID: 5942004058450114826}
  - {fileID: 5942360502255598952}
  - {fileID: 5942222569504391892}
  - {fileID: 5942219648623573118}
  - {fileID: 5942318538704843630}
  - {fileID: 5938116371855840936}
  - {fileID: 5938117911417436552}
  - {fileID: 5938250485364682056}
  - {fileID: 5938346292413297336}
  - {fileID: 5938543904184618272}
  m_BlendShapeWeights: []
  m_RootBone: {fileID: 5938346292413297336}
  m_AABB:
    m_Center: {x: -0.49156445, y: -0.019178256, z: 0.012477383}
    m_Extent: {x: 0.29714894, y: 0.23680906, z: 0.38414925}
  m_DirtyAABB: 0
--- !u!1 &5936573712244717834
GameObject:
  m_ObjectHideFlags: 0
  m_CorrespondingSourceObject: {fileID: 0}
  m_PrefabInstance: {fileID: 0}
  m_PrefabAsset: {fileID: 0}
  serializedVersion: 6
  m_Component:
  - component: {fileID: 5942250161112632464}
  m_Layer: 12
  m_Name: Base Human001RDigit11 1
  m_TagString: Untagged
  m_Icon: {fileID: 0}
  m_NavMeshLayer: 0
  m_StaticEditorFlags: 0
  m_IsActive: 1
--- !u!4 &5942250161112632464
Transform:
  m_ObjectHideFlags: 0
  m_CorrespondingSourceObject: {fileID: 0}
  m_PrefabInstance: {fileID: 0}
  m_PrefabAsset: {fileID: 0}
  m_GameObject: {fileID: 5936573712244717834}
  m_LocalRotation: {x: -0.29944542, y: -0.3499971, z: 0.16390142, w: 0.8723364}
  m_LocalPosition: {x: -0.023315106, y: -0.008668556, z: -0.033142965}
  m_LocalScale: {x: 0.999999, y: 0.999999, z: 1.000003}
  m_Children:
  - {fileID: 5941966667466099358}
  m_Father: {fileID: 5942300122992267368}
  m_RootOrder: 0
  m_LocalEulerAnglesHint: {x: 0, y: 0, z: 0}
--- !u!1 &5936578022126578168
GameObject:
  m_ObjectHideFlags: 0
  m_CorrespondingSourceObject: {fileID: 0}
  m_PrefabInstance: {fileID: 0}
  m_PrefabAsset: {fileID: 0}
  serializedVersion: 6
  m_Component:
  - component: {fileID: 5942318538704843630}
  m_Layer: 12
  m_Name: Base Human001LForearm
  m_TagString: Untagged
  m_Icon: {fileID: 0}
  m_NavMeshLayer: 0
  m_StaticEditorFlags: 0
  m_IsActive: 1
--- !u!4 &5942318538704843630
Transform:
  m_ObjectHideFlags: 0
  m_CorrespondingSourceObject: {fileID: 0}
  m_PrefabInstance: {fileID: 0}
  m_PrefabAsset: {fileID: 0}
  m_GameObject: {fileID: 5936578022126578168}
  m_LocalRotation: {x: 0.07042893, y: -0.004164989, z: -0.09452528, w: 0.99301934}
  m_LocalPosition: {x: -0.2990833, y: 0.000000021457671, z: 0}
  m_LocalScale: {x: 1, y: 1, z: 1}
  m_Children:
  - {fileID: 5938116371855840936}
  m_Father: {fileID: 5938169834040040660}
  m_RootOrder: 0
  m_LocalEulerAnglesHint: {x: 0, y: 0, z: 0}
--- !u!1 &5936593415368131294
GameObject:
  m_ObjectHideFlags: 0
  m_CorrespondingSourceObject: {fileID: 0}
  m_PrefabInstance: {fileID: 0}
  m_PrefabAsset: {fileID: 0}
  serializedVersion: 6
  m_Component:
  - component: {fileID: 5938378762863992848}
  m_Layer: 12
  m_Name: Base Human001RForearm
  m_TagString: Untagged
  m_Icon: {fileID: 0}
  m_NavMeshLayer: 0
  m_StaticEditorFlags: 0
  m_IsActive: 1
--- !u!4 &5938378762863992848
Transform:
  m_ObjectHideFlags: 0
  m_CorrespondingSourceObject: {fileID: 0}
  m_PrefabInstance: {fileID: 0}
  m_PrefabAsset: {fileID: 0}
  m_GameObject: {fileID: 5936593415368131294}
  m_LocalRotation: {x: -0.07029132, y: 0.003733841, z: -0.11346534, w: 0.99104536}
  m_LocalPosition: {x: -0.299641, y: 0.000000014305114, z: 0}
  m_LocalScale: {x: 1, y: 1, z: 1}
  m_Children:
  - {fileID: 5942300122992267368}
  m_Father: {fileID: 5942086192378316296}
  m_RootOrder: 0
  m_LocalEulerAnglesHint: {x: 0, y: 0, z: 0}
--- !u!1 &5936620396134250102
GameObject:
  m_ObjectHideFlags: 0
  m_CorrespondingSourceObject: {fileID: 0}
  m_PrefabInstance: {fileID: 0}
  m_PrefabAsset: {fileID: 0}
  serializedVersion: 6
  m_Component:
  - component: {fileID: 5938324589155686910}
  m_Layer: 12
  m_Name: Base Human001LDigit11 1
  m_TagString: Untagged
  m_Icon: {fileID: 0}
  m_NavMeshLayer: 0
  m_StaticEditorFlags: 0
  m_IsActive: 1
--- !u!4 &5938324589155686910
Transform:
  m_ObjectHideFlags: 0
  m_CorrespondingSourceObject: {fileID: 0}
  m_PrefabInstance: {fileID: 0}
  m_PrefabAsset: {fileID: 0}
  m_GameObject: {fileID: 5936620396134250102}
  m_LocalRotation: {x: 0.30583236, y: 0.3444311, z: 0.17991619, w: 0.8691743}
  m_LocalPosition: {x: -0.024060916, y: -0.008625411, z: 0.03212386}
  m_LocalScale: {x: 0.999995, y: 1.000002, z: 1.000002}
  m_Children:
  - {fileID: 5938250485364682056}
  m_Father: {fileID: 5938116371855840936}
  m_RootOrder: 0
  m_LocalEulerAnglesHint: {x: 0, y: 0, z: 0}
--- !u!1 &5936629182448651472
GameObject:
  m_ObjectHideFlags: 0
  m_CorrespondingSourceObject: {fileID: 0}
  m_PrefabInstance: {fileID: 0}
  m_PrefabAsset: {fileID: 0}
  serializedVersion: 6
  m_Component:
  - component: {fileID: 5942222569504391892}
  m_Layer: 12
  m_Name: Base Human001LFoot
  m_TagString: Untagged
  m_Icon: {fileID: 0}
  m_NavMeshLayer: 0
  m_StaticEditorFlags: 0
  m_IsActive: 1
--- !u!4 &5942222569504391892
Transform:
  m_ObjectHideFlags: 0
  m_CorrespondingSourceObject: {fileID: 0}
  m_PrefabInstance: {fileID: 0}
  m_PrefabAsset: {fileID: 0}
  m_GameObject: {fileID: 5936629182448651472}
  m_LocalRotation: {x: -0.064517714, y: -0.035303425, z: -0.7785128, w: 0.6233049}
  m_LocalPosition: {x: -0.46071538, y: 0, z: 0}
  m_LocalScale: {x: 1, y: 1, z: 1}
  m_Children:
  - {fileID: 5942360502255598952}
  m_Father: {fileID: 5942219648623573118}
  m_RootOrder: 0
  m_LocalEulerAnglesHint: {x: 0, y: 0, z: 0}
--- !u!1 &5936633016619002006
GameObject:
  m_ObjectHideFlags: 0
  m_CorrespondingSourceObject: {fileID: 0}
  m_PrefabInstance: {fileID: 0}
  m_PrefabAsset: {fileID: 0}
  serializedVersion: 6
  m_Component:
  - component: {fileID: 5938440087991797238}
  - component: {fileID: 6021293447442707634}
  m_Layer: 12
  m_Name: RElbow
  m_TagString: Untagged
  m_Icon: {fileID: 0}
  m_NavMeshLayer: 0
  m_StaticEditorFlags: 0
  m_IsActive: 1
--- !u!4 &5938440087991797238
Transform:
  m_ObjectHideFlags: 0
  m_CorrespondingSourceObject: {fileID: 0}
  m_PrefabInstance: {fileID: 0}
  m_PrefabAsset: {fileID: 0}
  m_GameObject: {fileID: 5936633016619002006}
  m_LocalRotation: {x: -0.7071068, y: 0, z: -0, w: 0.7071068}
  m_LocalPosition: {x: 0.43336216, y: 1.483263, z: -0.077995874}
  m_LocalScale: {x: 1, y: 1, z: 1}
  m_Children: []
  m_Father: {fileID: 5938222198731673780}
  m_RootOrder: 10
  m_LocalEulerAnglesHint: {x: 0, y: 0, z: 0}
--- !u!137 &6021293447442707634
SkinnedMeshRenderer:
  m_ObjectHideFlags: 0
  m_CorrespondingSourceObject: {fileID: 0}
  m_PrefabInstance: {fileID: 0}
  m_PrefabAsset: {fileID: 0}
  m_GameObject: {fileID: 5936633016619002006}
  m_Enabled: 1
  m_CastShadows: 1
  m_ReceiveShadows: 1
  m_DynamicOccludee: 1
  m_MotionVectors: 1
  m_LightProbeUsage: 1
  m_ReflectionProbeUsage: 1
  m_RenderingLayerMask: 1
  m_RendererPriority: 0
  m_Materials:
  - {fileID: 2100000, guid: fe67ab9f670f9f049bf5fdfa8ca9854d, type: 2}
  m_StaticBatchInfo:
    firstSubMesh: 0
    subMeshCount: 0
  m_StaticBatchRoot: {fileID: 0}
  m_ProbeAnchor: {fileID: 0}
  m_LightProbeVolumeOverride: {fileID: 0}
  m_ScaleInLightmap: 1
  m_PreserveUVs: 0
  m_IgnoreNormalsForChartDetection: 0
  m_ImportantGI: 0
  m_StitchLightmapSeams: 0
  m_SelectedEditorRenderState: 3
  m_MinimumChartSize: 4
  m_AutoUVMaxDistance: 0.5
  m_AutoUVMaxAngle: 89
  m_LightmapParameters: {fileID: 0}
  m_SortingLayerID: 0
  m_SortingLayer: 0
  m_SortingOrder: 0
  serializedVersion: 2
  m_Quality: 0
  m_UpdateWhenOffscreen: 0
  m_SkinnedMotionVectors: 1
  m_Mesh: {fileID: 4300010, guid: 67881c3bda223a241a81ca03fda3a623, type: 3}
  m_Bones:
  - {fileID: 5942086192378316296}
  - {fileID: 5938378762863992848}
  - {fileID: 5938117911417436552}
  - {fileID: 5942219648623573118}
  - {fileID: 5942222569504391892}
  - {fileID: 5942360502255598952}
  - {fileID: 5942004058450114826}
  - {fileID: 5941995086623932826}
  - {fileID: 5938288025668369812}
  - {fileID: 5938240476959564134}
  - {fileID: 5942224443502385704}
  - {fileID: 5938059427374115372}
  - {fileID: 5938134496443652992}
  - {fileID: 5938176855506803884}
  - {fileID: 5941952249272205766}
  - {fileID: 5938169834040040660}
  - {fileID: 5942318538704843630}
  - {fileID: 5938116371855840936}
  - {fileID: 5938346292413297336}
  - {fileID: 5938250485364682056}
  m_BlendShapeWeights: []
  m_RootBone: {fileID: 5938346292413297336}
  m_AABB:
    m_Center: {x: -0.5626532, y: -0.03627741, z: -0.42586923}
    m_Extent: {x: 0.08196123, y: 0.09345457, z: 0.14479567}
  m_DirtyAABB: 0
--- !u!1 &5936653430493498496
GameObject:
  m_ObjectHideFlags: 0
  m_CorrespondingSourceObject: {fileID: 0}
  m_PrefabInstance: {fileID: 0}
  m_PrefabAsset: {fileID: 0}
  serializedVersion: 6
  m_Component:
  - component: {fileID: 5938500908423354740}
  m_Layer: 12
  m_Name: Base Human001RPlatform
  m_TagString: Untagged
  m_Icon: {fileID: 0}
  m_NavMeshLayer: 0
  m_StaticEditorFlags: 0
  m_IsActive: 1
--- !u!4 &5938500908423354740
Transform:
  m_ObjectHideFlags: 0
  m_CorrespondingSourceObject: {fileID: 0}
  m_PrefabInstance: {fileID: 0}
  m_PrefabAsset: {fileID: 0}
  m_GameObject: {fileID: 5936653430493498496}
  m_LocalRotation: {x: 0.46579552, y: -0.46579546, z: -0.5320099, w: 0.53200996}
  m_LocalPosition: {x: 0.099479, y: 4.895236e-10, z: 0.016721811}
  m_LocalScale: {x: 1, y: 1, z: 1}
  m_Children: []
  m_Father: {fileID: 5938222198731673780}
  m_RootOrder: 2
  m_LocalEulerAnglesHint: {x: 0, y: 0, z: 0}
--- !u!1 &5936659887569832210
GameObject:
  m_ObjectHideFlags: 0
  m_CorrespondingSourceObject: {fileID: 0}
  m_PrefabInstance: {fileID: 0}
  m_PrefabAsset: {fileID: 0}
  serializedVersion: 6
  m_Component:
  - component: {fileID: 5942086192378316296}
  m_Layer: 12
  m_Name: Base Human001RUpperarm
  m_TagString: Untagged
  m_Icon: {fileID: 0}
  m_NavMeshLayer: 0
  m_StaticEditorFlags: 0
  m_IsActive: 1
--- !u!4 &5942086192378316296
Transform:
  m_ObjectHideFlags: 0
  m_CorrespondingSourceObject: {fileID: 0}
  m_PrefabInstance: {fileID: 0}
  m_PrefabAsset: {fileID: 0}
  m_GameObject: {fileID: 5936659887569832210}
  m_LocalRotation: {x: -0.01613422, y: -0.13021098, z: -0.13555598, w: 0.9820435}
  m_LocalPosition: {x: -0.18070085, y: 0.000000057220458, z: -0.000000114440915}
  m_LocalScale: {x: 1, y: 1, z: 1}
  m_Children:
  - {fileID: 5938378762863992848}
  m_Father: {fileID: 5942301328507045522}
  m_RootOrder: 0
  m_LocalEulerAnglesHint: {x: 0, y: 0, z: 0}
--- !u!1 &5936676397763376908
GameObject:
  m_ObjectHideFlags: 0
  m_CorrespondingSourceObject: {fileID: 0}
  m_PrefabInstance: {fileID: 0}
  m_PrefabAsset: {fileID: 0}
  serializedVersion: 6
  m_Component:
  - component: {fileID: 5938089284414929876}
  m_Layer: 12
  m_Name: Base Human001RDigit53
  m_TagString: Untagged
  m_Icon: {fileID: 0}
  m_NavMeshLayer: 0
  m_StaticEditorFlags: 0
  m_IsActive: 1
--- !u!4 &5938089284414929876
Transform:
  m_ObjectHideFlags: 0
  m_CorrespondingSourceObject: {fileID: 0}
  m_PrefabInstance: {fileID: 0}
  m_PrefabAsset: {fileID: 0}
  m_GameObject: {fileID: 5936676397763376908}
  m_LocalRotation: {x: -0.013673857, y: 0.0000009940874, z: -0.00000049681773, w: 0.99990654}
  m_LocalPosition: {x: -0.023020133, y: 0, z: 0.000000028610229}
  m_LocalScale: {x: 1.000001, y: 1, z: 0.999999}
  m_Children: []
  m_Father: {fileID: 5942091548229497528}
  m_RootOrder: 0
  m_LocalEulerAnglesHint: {x: 0, y: 0, z: 0}
--- !u!1 &5936679181839159114
GameObject:
  m_ObjectHideFlags: 0
  m_CorrespondingSourceObject: {fileID: 0}
  m_PrefabInstance: {fileID: 0}
  m_PrefabAsset: {fileID: 0}
  serializedVersion: 6
  m_Component:
  - component: {fileID: 5941966667466099358}
  m_Layer: 12
  m_Name: Base Human001RDigit12
  m_TagString: Untagged
  m_Icon: {fileID: 0}
  m_NavMeshLayer: 0
  m_StaticEditorFlags: 0
  m_IsActive: 1
--- !u!4 &5941966667466099358
Transform:
  m_ObjectHideFlags: 0
  m_CorrespondingSourceObject: {fileID: 0}
  m_PrefabInstance: {fileID: 0}
  m_PrefabAsset: {fileID: 0}
  m_GameObject: {fileID: 5936679181839159114}
  m_LocalRotation: {x: 0.000000089407024, y: 0.0000001341107, z: 0.00000049173906,
    w: 1}
  m_LocalPosition: {x: -0.03866621, y: -0.000000114440915, z: -0.00000022888183}
  m_LocalScale: {x: 0.999998, y: 0.999999, z: 1.000003}
  m_Children:
  - {fileID: 5941968877444414712}
  m_Father: {fileID: 5942250161112632464}
  m_RootOrder: 0
  m_LocalEulerAnglesHint: {x: 0, y: 0, z: 0}
--- !u!1 &5936693157829664188
GameObject:
  m_ObjectHideFlags: 0
  m_CorrespondingSourceObject: {fileID: 0}
  m_PrefabInstance: {fileID: 0}
  m_PrefabAsset: {fileID: 0}
  serializedVersion: 6
  m_Component:
  - component: {fileID: 5938147719281447522}
  m_Layer: 12
  m_Name: Base Human001LDigit22
  m_TagString: Untagged
  m_Icon: {fileID: 0}
  m_NavMeshLayer: 0
  m_StaticEditorFlags: 0
  m_IsActive: 1
--- !u!4 &5938147719281447522
Transform:
  m_ObjectHideFlags: 0
  m_CorrespondingSourceObject: {fileID: 0}
  m_PrefabInstance: {fileID: 0}
  m_PrefabAsset: {fileID: 0}
  m_GameObject: {fileID: 5936693157829664188}
  m_LocalRotation: {x: 0.00000047287097, y: -0.0000003692996, z: 0.019284552, w: 0.99981403}
  m_LocalPosition: {x: -0.035228405, y: 0.000000114440915, z: -0.000000021457671}
  m_LocalScale: {x: 0.999999, y: 1, z: 1}
  m_Children:
  - {fileID: 5938253271519233356}
  m_Father: {fileID: 5941948855873982060}
  m_RootOrder: 0
  m_LocalEulerAnglesHint: {x: 0, y: 0, z: 0}
--- !u!1 &5936740196806437476
GameObject:
  m_ObjectHideFlags: 0
  m_CorrespondingSourceObject: {fileID: 0}
  m_PrefabInstance: {fileID: 0}
  m_PrefabAsset: {fileID: 0}
  serializedVersion: 6
  m_Component:
  - component: {fileID: 5938432640027068284}
  m_Layer: 12
  m_Name: Base Human001LDigit53
  m_TagString: Untagged
  m_Icon: {fileID: 0}
  m_NavMeshLayer: 0
  m_StaticEditorFlags: 0
  m_IsActive: 1
--- !u!4 &5938432640027068284
Transform:
  m_ObjectHideFlags: 0
  m_CorrespondingSourceObject: {fileID: 0}
  m_PrefabInstance: {fileID: 0}
  m_PrefabAsset: {fileID: 0}
  m_GameObject: {fileID: 5936740196806437476}
  m_LocalRotation: {x: 0.013674998, y: -0.0000002949281, z: -0.000002257431, w: 0.99990654}
  m_LocalPosition: {x: -0.023020076, y: 0, z: -0.000000014305114}
  m_LocalScale: {x: 0.999999, y: 1, z: 1}
  m_Children: []
  m_Father: {fileID: 5938458131479953236}
  m_RootOrder: 0
  m_LocalEulerAnglesHint: {x: 0, y: 0, z: 0}
--- !u!1 &5936744264529359012
GameObject:
  m_ObjectHideFlags: 0
  m_CorrespondingSourceObject: {fileID: 0}
  m_PrefabInstance: {fileID: 0}
  m_PrefabAsset: {fileID: 0}
  serializedVersion: 6
  m_Component:
  - component: {fileID: 5938399393162706292}
  m_Layer: 12
  m_Name: Base Human001LPlatform
  m_TagString: Untagged
  m_Icon: {fileID: 0}
  m_NavMeshLayer: 0
  m_StaticEditorFlags: 0
  m_IsActive: 1
--- !u!4 &5938399393162706292
Transform:
  m_ObjectHideFlags: 0
  m_CorrespondingSourceObject: {fileID: 0}
  m_PrefabInstance: {fileID: 0}
  m_PrefabAsset: {fileID: 0}
  m_GameObject: {fileID: 5936744264529359012}
  m_LocalRotation: {x: 0.53201, y: -0.53200996, z: -0.46579537, w: 0.46579546}
  m_LocalPosition: {x: -0.122873306, y: -1.8749951e-11, z: 0.013603145}
  m_LocalScale: {x: 1, y: 1, z: 1}
  m_Children: []
  m_Father: {fileID: 5938222198731673780}
  m_RootOrder: 0
  m_LocalEulerAnglesHint: {x: 0, y: 0, z: 0}
--- !u!1 &5936768293184897004
GameObject:
  m_ObjectHideFlags: 0
  m_CorrespondingSourceObject: {fileID: 0}
  m_PrefabInstance: {fileID: 0}
  m_PrefabAsset: {fileID: 0}
  serializedVersion: 6
  m_Component:
  - component: {fileID: 5942407430193971994}
  m_Layer: 12
  m_Name: Base Human001LDigit32
  m_TagString: Untagged
  m_Icon: {fileID: 0}
  m_NavMeshLayer: 0
  m_StaticEditorFlags: 0
  m_IsActive: 1
--- !u!4 &5942407430193971994
Transform:
  m_ObjectHideFlags: 0
  m_CorrespondingSourceObject: {fileID: 0}
  m_PrefabInstance: {fileID: 0}
  m_PrefabAsset: {fileID: 0}
  m_GameObject: {fileID: 5936768293184897004}
  m_LocalRotation: {x: 0.0000005681054, y: -0.0000004877819, z: -0.0000021085161,
    w: 1}
  m_LocalPosition: {x: -0.043982964, y: 0.00000022888183, z: -0.000000042915342}
  m_LocalScale: {x: 0.999999, y: 1.000001, z: 1}
  m_Children:
  - {fileID: 5942118629032336888}
  m_Father: {fileID: 5942405294060391574}
  m_RootOrder: 0
  m_LocalEulerAnglesHint: {x: 0, y: 0, z: 0}
--- !u!1 &5936780439019592418
GameObject:
  m_ObjectHideFlags: 0
  m_CorrespondingSourceObject: {fileID: 0}
  m_PrefabInstance: {fileID: 0}
  m_PrefabAsset: {fileID: 0}
  serializedVersion: 6
  m_Component:
  - component: {fileID: 5942360502255598952}
  m_Layer: 12
  m_Name: Base Human001LDigit11
  m_TagString: Untagged
  m_Icon: {fileID: 0}
  m_NavMeshLayer: 0
  m_StaticEditorFlags: 0
  m_IsActive: 1
--- !u!4 &5942360502255598952
Transform:
  m_ObjectHideFlags: 0
  m_CorrespondingSourceObject: {fileID: 0}
  m_PrefabInstance: {fileID: 0}
  m_PrefabAsset: {fileID: 0}
  m_GameObject: {fileID: 5936780439019592418}
  m_LocalRotation: {x: -0.000057766054, y: -0.000026293652, z: -0.024765095, w: 0.9996933}
  m_LocalPosition: {x: -0.19004746, y: 0, z: 0.000000014305114}
  m_LocalScale: {x: 1, y: 1, z: 1}
  m_Children: []
  m_Father: {fileID: 5942222569504391892}
  m_RootOrder: 0
  m_LocalEulerAnglesHint: {x: 0, y: 0, z: 0}
--- !u!1 &5936802200134895480
GameObject:
  m_ObjectHideFlags: 0
  m_CorrespondingSourceObject: {fileID: 0}
  m_PrefabInstance: {fileID: 0}
  m_PrefabAsset: {fileID: 0}
  serializedVersion: 6
  m_Component:
  - component: {fileID: 5938134496443652992}
  m_Layer: 12
  m_Name: Base Human001Spine3
  m_TagString: Untagged
  m_Icon: {fileID: 0}
  m_NavMeshLayer: 0
  m_StaticEditorFlags: 0
  m_IsActive: 1
--- !u!4 &5938134496443652992
Transform:
  m_ObjectHideFlags: 0
  m_CorrespondingSourceObject: {fileID: 0}
  m_PrefabInstance: {fileID: 0}
  m_PrefabAsset: {fileID: 0}
  m_GameObject: {fileID: 5936802200134895480}
  m_LocalRotation: {x: -0.0000000016451989, y: 0.000000015639602, z: 0.042251043,
    w: 0.99910706}
  m_LocalPosition: {x: -0.18067886, y: 0, z: -3.410605e-15}
  m_LocalScale: {x: 1, y: 1, z: 1}
  m_Children:
  - {fileID: 5938176855506803884}
  m_Father: {fileID: 5938059427374115372}
  m_RootOrder: 0
  m_LocalEulerAnglesHint: {x: 0, y: 0, z: 0}
--- !u!1 &5936820755587966278
GameObject:
  m_ObjectHideFlags: 0
  m_CorrespondingSourceObject: {fileID: 0}
  m_PrefabInstance: {fileID: 0}
  m_PrefabAsset: {fileID: 0}
  serializedVersion: 6
  m_Component:
  - component: {fileID: 5938458131479953236}
  m_Layer: 12
  m_Name: Base Human001LDigit52
  m_TagString: Untagged
  m_Icon: {fileID: 0}
  m_NavMeshLayer: 0
  m_StaticEditorFlags: 0
  m_IsActive: 1
--- !u!4 &5938458131479953236
Transform:
  m_ObjectHideFlags: 0
  m_CorrespondingSourceObject: {fileID: 0}
  m_PrefabInstance: {fileID: 0}
  m_PrefabAsset: {fileID: 0}
  m_GameObject: {fileID: 5936820755587966278}
  m_LocalRotation: {x: 0.013674991, y: -0.00000023315368, z: -0.0000022694526, w: 0.99990654}
  m_LocalPosition: {x: -0.026911125, y: 0.000000114440915, z: -0.000000028610229}
  m_LocalScale: {x: 0.999999, y: 1, z: 1}
  m_Children:
  - {fileID: 5938432640027068284}
  m_Father: {fileID: 5941938308364836256}
  m_RootOrder: 0
  m_LocalEulerAnglesHint: {x: 0, y: 0, z: 0}
--- !u!1 &5936836475273797608
GameObject:
  m_ObjectHideFlags: 0
  m_CorrespondingSourceObject: {fileID: 0}
  m_PrefabInstance: {fileID: 0}
  m_PrefabAsset: {fileID: 0}
  serializedVersion: 6
  m_Component:
  - component: {fileID: 5942330940691970966}
  m_Layer: 12
  m_Name: Base Human001RDigit43
  m_TagString: Untagged
  m_Icon: {fileID: 0}
  m_NavMeshLayer: 0
  m_StaticEditorFlags: 0
  m_IsActive: 1
--- !u!4 &5942330940691970966
Transform:
  m_ObjectHideFlags: 0
  m_CorrespondingSourceObject: {fileID: 0}
  m_PrefabInstance: {fileID: 0}
  m_PrefabAsset: {fileID: 0}
  m_GameObject: {fileID: 5936836475273797608}
  m_LocalRotation: {x: 0.00000045076052, y: 0.0000012151418, z: -0.0000004190953,
    w: 1}
  m_LocalPosition: {x: -0.02911457, y: -0.000000114440915, z: 0.00000007152557}
  m_LocalScale: {x: 1.000001, y: 1, z: 0.999999}
  m_Children: []
  m_Father: {fileID: 5938337906958282412}
  m_RootOrder: 0
  m_LocalEulerAnglesHint: {x: 0, y: 0, z: 0}
--- !u!1 &5936860721366738958
GameObject:
  m_ObjectHideFlags: 0
  m_CorrespondingSourceObject: {fileID: 0}
  m_PrefabInstance: {fileID: 0}
  m_PrefabAsset: {fileID: 0}
  serializedVersion: 6
  m_Component:
  - component: {fileID: 5942405294060391574}
  m_Layer: 12
  m_Name: Base Human001LDigit31
  m_TagString: Untagged
  m_Icon: {fileID: 0}
  m_NavMeshLayer: 0
  m_StaticEditorFlags: 0
  m_IsActive: 1
--- !u!4 &5942405294060391574
Transform:
  m_ObjectHideFlags: 0
  m_CorrespondingSourceObject: {fileID: 0}
  m_PrefabInstance: {fileID: 0}
  m_PrefabAsset: {fileID: 0}
  m_GameObject: {fileID: 5936860721366738958}
  m_LocalRotation: {x: -0.013115404, y: 0.041597277, z: 0.04357618, w: 0.9980976}
  m_LocalPosition: {x: -0.09197422, y: 0.003507843, z: 0.0037850046}
  m_LocalScale: {x: 0.999999, y: 1.000001, z: 1}
  m_Children:
  - {fileID: 5942407430193971994}
  m_Father: {fileID: 5938116371855840936}
  m_RootOrder: 2
  m_LocalEulerAnglesHint: {x: 0, y: 0, z: 0}
--- !u!1 &5936863197883038688
GameObject:
  m_ObjectHideFlags: 0
  m_CorrespondingSourceObject: {fileID: 0}
  m_PrefabInstance: {fileID: 0}
  m_PrefabAsset: {fileID: 0}
  serializedVersion: 6
  m_Component:
  - component: {fileID: 5942396166105933974}
  m_Layer: 12
  m_Name: Base Human001RDigit32
  m_TagString: Untagged
  m_Icon: {fileID: 0}
  m_NavMeshLayer: 0
  m_StaticEditorFlags: 0
  m_IsActive: 1
--- !u!4 &5942396166105933974
Transform:
  m_ObjectHideFlags: 0
  m_CorrespondingSourceObject: {fileID: 0}
  m_PrefabInstance: {fileID: 0}
  m_PrefabAsset: {fileID: 0}
  m_GameObject: {fileID: 5936863197883038688}
  m_LocalRotation: {x: 0.00000055879383, y: 0.0000011112995, z: -0.00000042840864,
    w: 1}
  m_LocalPosition: {x: -0.04398302, y: -0.000000114440915, z: 0.0000001001358}
  m_LocalScale: {x: 1.000001, y: 1, z: 0.999999}
  m_Children:
  - {fileID: 5938410663099167842}
  m_Father: {fileID: 5938379173870298856}
  m_RootOrder: 0
  m_LocalEulerAnglesHint: {x: 0, y: 0, z: 0}
--- !u!1 &5937312342940407362
GameObject:
  m_ObjectHideFlags: 0
  m_CorrespondingSourceObject: {fileID: 0}
  m_PrefabInstance: {fileID: 0}
  m_PrefabAsset: {fileID: 0}
  serializedVersion: 6
  m_Component:
  - component: {fileID: 5938222198731673780}
  - component: {fileID: 5995426412743080286}
  - component: {fileID: 5937437812837402945}
  - component: {fileID: 5937437812837402944}
  - component: {fileID: 5937437812837402951}
  - component: {fileID: 5937437812837402950}
  m_Layer: 12
  m_Name: Zombie Guy 1C
  m_TagString: Enemy
  m_Icon: {fileID: 0}
  m_NavMeshLayer: 0
  m_StaticEditorFlags: 0
  m_IsActive: 0
--- !u!4 &5938222198731673780
Transform:
  m_ObjectHideFlags: 0
  m_CorrespondingSourceObject: {fileID: 0}
  m_PrefabInstance: {fileID: 0}
  m_PrefabAsset: {fileID: 0}
  m_GameObject: {fileID: 5937312342940407362}
  m_LocalRotation: {x: 0, y: 0, z: 0, w: 1}
  m_LocalPosition: {x: 0, y: 0, z: 0}
  m_LocalScale: {x: 1, y: 1, z: 1}
  m_Children:
  - {fileID: 5938399393162706292}
  - {fileID: 5938346292413297336}
  - {fileID: 5938500908423354740}
  - {fileID: 5938377570688708230}
  - {fileID: 5942025355486408806}
  - {fileID: 5942122369721084810}
  - {fileID: 5941938004588325100}
  - {fileID: 5942145858655592386}
  - {fileID: 5938175078024953656}
  - {fileID: 5938387431925496812}
  - {fileID: 5938440087991797238}
  - {fileID: 5938161257960627852}
  - {fileID: 5942221788818991396}
  - {fileID: 5942088781938307348}
  m_Father: {fileID: 0}
  m_RootOrder: 0
  m_LocalEulerAnglesHint: {x: 0, y: 0, z: 0}
--- !u!95 &5995426412743080286
Animator:
  serializedVersion: 3
  m_ObjectHideFlags: 0
  m_CorrespondingSourceObject: {fileID: 0}
  m_PrefabInstance: {fileID: 0}
  m_PrefabAsset: {fileID: 0}
  m_GameObject: {fileID: 5937312342940407362}
  m_Enabled: 1
  m_Avatar: {fileID: 9000000, guid: 67881c3bda223a241a81ca03fda3a623, type: 3}
  m_Controller: {fileID: 9100000, guid: e33b457d8e22bdd46b2eabde04ebaf44, type: 2}
  m_CullingMode: 1
  m_UpdateMode: 0
  m_ApplyRootMotion: 0
  m_LinearVelocityBlending: 0
  m_WarningMessage: 
  m_HasTransformHierarchy: 1
  m_AllowConstantClipSamplingOptimization: 1
  m_KeepAnimatorControllerStateOnDisable: 0
--- !u!135 &5937437812837402945
SphereCollider:
  m_ObjectHideFlags: 0
  m_CorrespondingSourceObject: {fileID: 0}
  m_PrefabInstance: {fileID: 0}
  m_PrefabAsset: {fileID: 0}
  m_GameObject: {fileID: 5937312342940407362}
  m_Material: {fileID: 0}
  m_IsTrigger: 0
  m_Enabled: 1
  serializedVersion: 2
  m_Radius: 0.09
  m_Center: {x: -0.01, y: 1.62, z: 0}
--- !u!143 &5937437812837402944
CharacterController:
  m_ObjectHideFlags: 0
  m_CorrespondingSourceObject: {fileID: 0}
  m_PrefabInstance: {fileID: 0}
  m_PrefabAsset: {fileID: 0}
  m_GameObject: {fileID: 5937312342940407362}
  m_Material: {fileID: 0}
  m_IsTrigger: 0
  m_Enabled: 1
  serializedVersion: 2
  m_Height: 1.65
  m_Radius: 0.25
  m_SlopeLimit: 45
  m_StepOffset: 0.3
  m_SkinWidth: 0.08
  m_MinMoveDistance: 0
  m_Center: {x: 0, y: 0.75, z: 0}
--- !u!114 &5937437812837402951
MonoBehaviour:
  m_ObjectHideFlags: 0
  m_CorrespondingSourceObject: {fileID: 0}
  m_PrefabInstance: {fileID: 0}
  m_PrefabAsset: {fileID: 0}
  m_GameObject: {fileID: 5937312342940407362}
  m_Enabled: 1
  m_EditorHideFlags: 0
  m_Script: {fileID: 11500000, guid: a92b2d23b48d2f149976cd99294fa207, type: 3}
  m_Name: 
  m_EditorClassIdentifier: 
  attackDistance: 2
  alertAttackDistance: 200
  followDistance: 500
  enemyCurrentState: 0
--- !u!195 &5937437812837402950
NavMeshAgent:
  m_ObjectHideFlags: 0
  m_CorrespondingSourceObject: {fileID: 0}
  m_PrefabInstance: {fileID: 0}
  m_PrefabAsset: {fileID: 0}
  m_GameObject: {fileID: 5937312342940407362}
  m_Enabled: 1
  m_AgentTypeID: 0
  m_Radius: 0.2
  m_Speed: 3.5
  m_Acceleration: 8
  avoidancePriority: 50
  m_AngularSpeed: 120
  m_StoppingDistance: 0
  m_AutoTraverseOffMeshLink: 1
  m_AutoBraking: 1
  m_AutoRepath: 1
  m_Height: 1.7
  m_BaseOffset: -0.09
  m_WalkableMask: 4294967295
  m_ObstacleAvoidanceType: 4
--- !u!1 &5937313731337614330
GameObject:
  m_ObjectHideFlags: 0
  m_CorrespondingSourceObject: {fileID: 0}
  m_PrefabInstance: {fileID: 0}
  m_PrefabAsset: {fileID: 0}
  serializedVersion: 6
  m_Component:
  - component: {fileID: 5938337906958282412}
  m_Layer: 12
  m_Name: Base Human001RDigit42
  m_TagString: Untagged
  m_Icon: {fileID: 0}
  m_NavMeshLayer: 0
  m_StaticEditorFlags: 0
  m_IsActive: 1
--- !u!4 &5938337906958282412
Transform:
  m_ObjectHideFlags: 0
  m_CorrespondingSourceObject: {fileID: 0}
  m_PrefabInstance: {fileID: 0}
  m_PrefabAsset: {fileID: 0}
  m_GameObject: {fileID: 5937313731337614330}
  m_LocalRotation: {x: -0.0000014605116, y: -0.00012016443, z: 0.00012235688, w: 1}
  m_LocalPosition: {x: -0.035302047, y: 0.000000114440915, z: 0.00000007867813}
  m_LocalScale: {x: 1.000001, y: 1, z: 0.999999}
  m_Children:
  - {fileID: 5942330940691970966}
  m_Father: {fileID: 5941992334250454380}
  m_RootOrder: 0
  m_LocalEulerAnglesHint: {x: 0, y: 0, z: 0}
--- !u!1 &5937322696068217060
GameObject:
  m_ObjectHideFlags: 0
  m_CorrespondingSourceObject: {fileID: 0}
  m_PrefabInstance: {fileID: 0}
  m_PrefabAsset: {fileID: 0}
  serializedVersion: 6
  m_Component:
  - component: {fileID: 5938346292413297336}
  m_Layer: 12
  m_Name: Base Human001Pelvis
  m_TagString: Untagged
  m_Icon: {fileID: 0}
  m_NavMeshLayer: 0
  m_StaticEditorFlags: 0
  m_IsActive: 1
--- !u!4 &5938346292413297336
Transform:
  m_ObjectHideFlags: 0
  m_CorrespondingSourceObject: {fileID: 0}
  m_PrefabInstance: {fileID: 0}
  m_PrefabAsset: {fileID: 0}
  m_GameObject: {fileID: 5937322696068217060}
  m_LocalRotation: {x: 0.49912703, y: -0.50087154, z: -0.49912694, w: 0.5008715}
  m_LocalPosition: {x: 0.000000044889905, y: 0.9103946, z: -0.035709515}
  m_LocalScale: {x: 1, y: 1, z: 1}
  m_Children:
  - {fileID: 5938117911417436552}
  - {fileID: 5942004058450114826}
  - {fileID: 5942224443502385704}
  m_Father: {fileID: 5938222198731673780}
  m_RootOrder: 1
  m_LocalEulerAnglesHint: {x: 0, y: 0, z: 0}
--- !u!1 &5937323244351095336
GameObject:
  m_ObjectHideFlags: 0
  m_CorrespondingSourceObject: {fileID: 0}
  m_PrefabInstance: {fileID: 0}
  m_PrefabAsset: {fileID: 0}
  serializedVersion: 6
  m_Component:
  - component: {fileID: 5942088781938307348}
  - component: {fileID: 6017108941901951478}
  m_Layer: 12
  m_Name: RKnee
  m_TagString: Untagged
  m_Icon: {fileID: 0}
  m_NavMeshLayer: 0
  m_StaticEditorFlags: 0
  m_IsActive: 1
--- !u!4 &5942088781938307348
Transform:
  m_ObjectHideFlags: 0
  m_CorrespondingSourceObject: {fileID: 0}
  m_PrefabInstance: {fileID: 0}
  m_PrefabAsset: {fileID: 0}
  m_GameObject: {fileID: 5937323244351095336}
  m_LocalRotation: {x: -0.7071068, y: 0, z: -0, w: 0.7071068}
  m_LocalPosition: {x: 0.08670461, y: 0.5205297, z: -0.03768054}
  m_LocalScale: {x: 1, y: 1, z: 1}
  m_Children: []
  m_Father: {fileID: 5938222198731673780}
  m_RootOrder: 13
  m_LocalEulerAnglesHint: {x: 0, y: 0, z: 0}
--- !u!137 &6017108941901951478
SkinnedMeshRenderer:
  m_ObjectHideFlags: 0
  m_CorrespondingSourceObject: {fileID: 0}
  m_PrefabInstance: {fileID: 0}
  m_PrefabAsset: {fileID: 0}
  m_GameObject: {fileID: 5937323244351095336}
  m_Enabled: 1
  m_CastShadows: 1
  m_ReceiveShadows: 1
  m_DynamicOccludee: 1
  m_MotionVectors: 1
  m_LightProbeUsage: 1
  m_ReflectionProbeUsage: 1
  m_RenderingLayerMask: 1
  m_RendererPriority: 0
  m_Materials:
  - {fileID: 2100000, guid: fe67ab9f670f9f049bf5fdfa8ca9854d, type: 2}
  m_StaticBatchInfo:
    firstSubMesh: 0
    subMeshCount: 0
  m_StaticBatchRoot: {fileID: 0}
  m_ProbeAnchor: {fileID: 0}
  m_LightProbeVolumeOverride: {fileID: 0}
  m_ScaleInLightmap: 1
  m_PreserveUVs: 0
  m_IgnoreNormalsForChartDetection: 0
  m_ImportantGI: 0
  m_StitchLightmapSeams: 0
  m_SelectedEditorRenderState: 3
  m_MinimumChartSize: 4
  m_AutoUVMaxDistance: 0.5
  m_AutoUVMaxAngle: 89
  m_LightmapParameters: {fileID: 0}
  m_SortingLayerID: 0
  m_SortingLayer: 0
  m_SortingOrder: 0
  serializedVersion: 2
  m_Quality: 0
  m_UpdateWhenOffscreen: 0
  m_SkinnedMotionVectors: 1
  m_Mesh: {fileID: 4300016, guid: 67881c3bda223a241a81ca03fda3a623, type: 3}
  m_Bones:
  - {fileID: 5942004058450114826}
  - {fileID: 5941995086623932826}
  - {fileID: 5942219648623573118}
  - {fileID: 5942222569504391892}
  - {fileID: 5942360502255598952}
  - {fileID: 5938117911417436552}
  - {fileID: 5938346292413297336}
  - {fileID: 5938399393162706292}
  - {fileID: 5938288025668369812}
  - {fileID: 5938240476959564134}
  - {fileID: 5942224443502385704}
  - {fileID: 5938059427374115372}
  - {fileID: 5938134496443652992}
  - {fileID: 5938176855506803884}
  - {fileID: 5941952249272205766}
  - {fileID: 5938169834040040660}
  - {fileID: 5942318538704843630}
  - {fileID: 5938116371855840936}
  - {fileID: 5938324589155686910}
  - {fileID: 5938250485364682056}
  m_BlendShapeWeights: []
  m_RootBone: {fileID: 5938346292413297336}
  m_AABB:
    m_Center: {x: 0.4013196, y: -0.024840549, z: -0.08651534}
    m_Extent: {x: 0.21362069, y: 0.15695718, z: 0.0820604}
  m_DirtyAABB: 0
--- !u!1 &5937324171455793732
GameObject:
  m_ObjectHideFlags: 0
  m_CorrespondingSourceObject: {fileID: 0}
  m_PrefabInstance: {fileID: 0}
  m_PrefabAsset: {fileID: 0}
  serializedVersion: 6
  m_Component:
  - component: {fileID: 5938117911417436552}
  m_Layer: 12
  m_Name: Base Human001LThigh
  m_TagString: Untagged
  m_Icon: {fileID: 0}
  m_NavMeshLayer: 0
  m_StaticEditorFlags: 0
  m_IsActive: 1
--- !u!4 &5938117911417436552
Transform:
  m_ObjectHideFlags: 0
  m_CorrespondingSourceObject: {fileID: 0}
  m_PrefabInstance: {fileID: 0}
  m_PrefabAsset: {fileID: 0}
  m_GameObject: {fileID: 5937324171455793732}
  m_LocalRotation: {x: 0.012952693, y: 0.9998466, z: -0.006669725, w: 0.009727645}
  m_LocalPosition: {x: -0.016831111, y: 0.04589109, z: 0.08598914}
  m_LocalScale: {x: 1, y: 1, z: 1}
  m_Children:
  - {fileID: 5942219648623573118}
  m_Father: {fileID: 5938346292413297336}
  m_RootOrder: 0
  m_LocalEulerAnglesHint: {x: 0, y: 0, z: 0}
--- !u!1 &5937358650111129826
GameObject:
  m_ObjectHideFlags: 0
  m_CorrespondingSourceObject: {fileID: 0}
  m_PrefabInstance: {fileID: 0}
  m_PrefabAsset: {fileID: 0}
  serializedVersion: 6
  m_Component:
  - component: {fileID: 5938366956867015844}
  m_Layer: 12
  m_Name: Base Human001LDigit43
  m_TagString: Untagged
  m_Icon: {fileID: 0}
  m_NavMeshLayer: 0
  m_StaticEditorFlags: 0
  m_IsActive: 1
--- !u!4 &5938366956867015844
Transform:
  m_ObjectHideFlags: 0
  m_CorrespondingSourceObject: {fileID: 0}
  m_PrefabInstance: {fileID: 0}
  m_PrefabAsset: {fileID: 0}
  m_GameObject: {fileID: 5937358650111129826}
  m_LocalRotation: {x: 0.00000063329827, y: -0.00000047823573, z: -0.0000020824382,
    w: 1}
  m_LocalPosition: {x: -0.029114513, y: 0.000000114440915, z: -0.000000035762785}
  m_LocalScale: {x: 0.999999, y: 1, z: 1}
  m_Children: []
  m_Father: {fileID: 5938465293904694752}
  m_RootOrder: 0
  m_LocalEulerAnglesHint: {x: 0, y: 0, z: 0}
--- !u!1 &5937385511178111444
GameObject:
  m_ObjectHideFlags: 0
  m_CorrespondingSourceObject: {fileID: 0}
  m_PrefabInstance: {fileID: 0}
  m_PrefabAsset: {fileID: 0}
  serializedVersion: 6
  m_Component:
  - component: {fileID: 5941938308364836256}
  m_Layer: 12
  m_Name: Base Human001LDigit51
  m_TagString: Untagged
  m_Icon: {fileID: 0}
  m_NavMeshLayer: 0
  m_StaticEditorFlags: 0
  m_IsActive: 1
--- !u!4 &5941938308364836256
Transform:
  m_ObjectHideFlags: 0
  m_CorrespondingSourceObject: {fileID: 0}
  m_PrefabInstance: {fileID: 0}
  m_PrefabAsset: {fileID: 0}
  m_GameObject: {fileID: 5937385511178111444}
  m_LocalRotation: {x: -0.07790036, y: 0.01016908, z: 0.03376146, w: 0.9963375}
  m_LocalPosition: {x: -0.08635368, y: -0.006372986, z: -0.039115928}
  m_LocalScale: {x: 0.999999, y: 1, z: 1}
  m_Children:
  - {fileID: 5938458131479953236}
  m_Father: {fileID: 5938116371855840936}
  m_RootOrder: 4
  m_LocalEulerAnglesHint: {x: 0, y: 0, z: 0}
--- !u!1 &5937392312343585642
GameObject:
  m_ObjectHideFlags: 0
  m_CorrespondingSourceObject: {fileID: 0}
  m_PrefabInstance: {fileID: 0}
  m_PrefabAsset: {fileID: 0}
  serializedVersion: 6
  m_Component:
  - component: {fileID: 5942118629032336888}
  m_Layer: 12
  m_Name: Base Human001LDigit33
  m_TagString: Untagged
  m_Icon: {fileID: 0}
  m_NavMeshLayer: 0
  m_StaticEditorFlags: 0
  m_IsActive: 1
--- !u!4 &5942118629032336888
Transform:
  m_ObjectHideFlags: 0
  m_CorrespondingSourceObject: {fileID: 0}
  m_PrefabInstance: {fileID: 0}
  m_PrefabAsset: {fileID: 0}
  m_GameObject: {fileID: 5937392312343585642}
  m_LocalRotation: {x: 0.00000056996805, y: -0.0000004854536, z: -0.0000021085161,
    w: 1}
  m_LocalPosition: {x: -0.032421228, y: 0.000000114440915, z: -0.000000028610229}
  m_LocalScale: {x: 0.999999, y: 1.000001, z: 1}
  m_Children: []
  m_Father: {fileID: 5942407430193971994}
  m_RootOrder: 0
  m_LocalEulerAnglesHint: {x: 0, y: 0, z: 0}
--- !u!1 &5937396852789966498
GameObject:
  m_ObjectHideFlags: 0
  m_CorrespondingSourceObject: {fileID: 0}
  m_PrefabInstance: {fileID: 0}
  m_PrefabAsset: {fileID: 0}
  serializedVersion: 6
  m_Component:
  - component: {fileID: 5941952249272205766}
  m_Layer: 12
  m_Name: Base Human001LCollarbone
  m_TagString: Untagged
  m_Icon: {fileID: 0}
  m_NavMeshLayer: 0
  m_StaticEditorFlags: 0
  m_IsActive: 1
--- !u!4 &5941952249272205766
Transform:
  m_ObjectHideFlags: 0
  m_CorrespondingSourceObject: {fileID: 0}
  m_PrefabInstance: {fileID: 0}
  m_PrefabAsset: {fileID: 0}
  m_GameObject: {fileID: 5937396852789966498}
  m_LocalRotation: {x: 0.10339195, y: 0.63315856, z: 0.16341138, w: 0.74947786}
  m_LocalPosition: {x: 0.02657341, y: 0.08681511, z: 0.015056415}
  m_LocalScale: {x: 1, y: 1, z: 1}
  m_Children:
  - {fileID: 5938169834040040660}
  m_Father: {fileID: 5938176855506803884}
  m_RootOrder: 0
  m_LocalEulerAnglesHint: {x: 0, y: 0, z: 0}
--- !u!1 &5937420077170562074
GameObject:
  m_ObjectHideFlags: 0
  m_CorrespondingSourceObject: {fileID: 0}
  m_PrefabInstance: {fileID: 0}
  m_PrefabAsset: {fileID: 0}
  serializedVersion: 6
  m_Component:
  - component: {fileID: 5938543904184618272}
  m_Layer: 12
  m_Name: Base Human001Head
  m_TagString: Untagged
  m_Icon: {fileID: 0}
  m_NavMeshLayer: 0
  m_StaticEditorFlags: 0
  m_IsActive: 1
--- !u!4 &5938543904184618272
Transform:
  m_ObjectHideFlags: 0
  m_CorrespondingSourceObject: {fileID: 0}
  m_PrefabInstance: {fileID: 0}
  m_PrefabAsset: {fileID: 0}
  m_GameObject: {fileID: 5937420077170562074}
  m_LocalRotation: {x: -1.7519548e-14, y: 0.00000003745361, z: 0.24804455, w: 0.9687486}
  m_LocalPosition: {x: -0.13016476, y: 0, z: 0}
  m_LocalScale: {x: 1, y: 1, z: 1}
  m_Children: []
  m_Father: {fileID: 5942355847192827362}
  m_RootOrder: 0
  m_LocalEulerAnglesHint: {x: 0, y: 0, z: 0}
--- !u!1 &5937426256480905256
GameObject:
  m_ObjectHideFlags: 0
  m_CorrespondingSourceObject: {fileID: 0}
  m_PrefabInstance: {fileID: 0}
  m_PrefabAsset: {fileID: 0}
  serializedVersion: 6
  m_Component:
  - component: {fileID: 5942301328507045522}
  m_Layer: 12
  m_Name: Base Human001RCollarbone
  m_TagString: Untagged
  m_Icon: {fileID: 0}
  m_NavMeshLayer: 0
  m_StaticEditorFlags: 0
  m_IsActive: 1
--- !u!4 &5942301328507045522
Transform:
  m_ObjectHideFlags: 0
  m_CorrespondingSourceObject: {fileID: 0}
  m_PrefabInstance: {fileID: 0}
  m_PrefabAsset: {fileID: 0}
  m_GameObject: {fileID: 5937426256480905256}
  m_LocalRotation: {x: -0.10227624, y: -0.63459134, z: 0.16282329, w: 0.7485466}
  m_LocalPosition: {x: 0.02657341, y: 0.0868151, z: -0.015056415}
  m_LocalScale: {x: 1, y: 1, z: 1}
  m_Children:
  - {fileID: 5942086192378316296}
  m_Father: {fileID: 5938176855506803884}
  m_RootOrder: 2
  m_LocalEulerAnglesHint: {x: 0, y: 0, z: 0}
