%YAML 1.1
%TAG !u! tag:unity3d.com,2011:
--- !u!1 &7358891916253099401
GameObject:
  m_ObjectHideFlags: 0
  m_CorrespondingSourceObject: {fileID: 0}
  m_PrefabInstance: {fileID: 0}
  m_PrefabAsset: {fileID: 0}
  serializedVersion: 6
  m_Component:
  - component: {fileID: 7365147144121617771}
  - component: {fileID: 7476506605895576015}
  m_Layer: 12
  m_Name: LElbow
  m_TagString: Untagged
  m_Icon: {fileID: 0}
  m_NavMeshLayer: 0
  m_StaticEditorFlags: 0
  m_IsActive: 1
--- !u!4 &7365147144121617771
Transform:
  m_ObjectHideFlags: 0
  m_CorrespondingSourceObject: {fileID: 0}
  m_PrefabInstance: {fileID: 0}
  m_PrefabAsset: {fileID: 0}
  m_GameObject: {fileID: 7358891916253099401}
  m_LocalRotation: {x: -0.7071068, y: 0, z: -0, w: 0.7071068}
  m_LocalPosition: {x: -0.4167348, y: 1.4142153, z: -0.07442413}
  m_LocalScale: {x: 1, y: 1, z: 1}
  m_Children: []
  m_Father: {fileID: 7365496679339199527}
  m_RootOrder: 5
  m_LocalEulerAnglesHint: {x: 0, y: 0, z: 0}
--- !u!137 &7476506605895576015
SkinnedMeshRenderer:
  m_ObjectHideFlags: 0
  m_CorrespondingSourceObject: {fileID: 0}
  m_PrefabInstance: {fileID: 0}
  m_PrefabAsset: {fileID: 0}
  m_GameObject: {fileID: 7358891916253099401}
  m_Enabled: 1
  m_CastShadows: 1
  m_ReceiveShadows: 1
  m_DynamicOccludee: 1
  m_MotionVectors: 1
  m_LightProbeUsage: 1
  m_ReflectionProbeUsage: 1
  m_RenderingLayerMask: 1
  m_RendererPriority: 0
  m_Materials:
  - {fileID: 2100000, guid: 5e804927f0664c540a2d7dcd994c09a9, type: 2}
  m_StaticBatchInfo:
    firstSubMesh: 0
    subMeshCount: 0
  m_StaticBatchRoot: {fileID: 0}
  m_ProbeAnchor: {fileID: 0}
  m_LightProbeVolumeOverride: {fileID: 0}
  m_ScaleInLightmap: 1
  m_PreserveUVs: 0
  m_IgnoreNormalsForChartDetection: 0
  m_ImportantGI: 0
  m_StitchLightmapSeams: 0
  m_SelectedEditorRenderState: 3
  m_MinimumChartSize: 4
  m_AutoUVMaxDistance: 0.5
  m_AutoUVMaxAngle: 89
  m_LightmapParameters: {fileID: 0}
  m_SortingLayerID: 0
  m_SortingLayer: 0
  m_SortingOrder: 0
  serializedVersion: 2
  m_Quality: 0
  m_UpdateWhenOffscreen: 0
  m_SkinnedMotionVectors: 1
  m_Mesh: {fileID: 4300014, guid: a123bc3d048b39640a6552bd9a5ebc6d, type: 3}
  m_Bones:
  - {fileID: 7365405548698169733}
  - {fileID: 7365608524049747421}
  - {fileID: 7365404522138115249}
  - {fileID: 7361231816670334899}
  - {fileID: 7361355657922441419}
  - {fileID: 7365300600256537613}
  - {fileID: 7361186413435964891}
  - {fileID: 7361446081447286831}
  - {fileID: 7365546290701567685}
  - {fileID: 7365156482642110955}
  - {fileID: 7365613430500744875}
  - {fileID: 7361488291042597331}
  - {fileID: 7361554491901918805}
  - {fileID: 7361234935884406199}
  - {fileID: 7361223850562103275}
  - {fileID: 7365540932481312283}
  - {fileID: 7361471174107119325}
  - {fileID: 7361230024586734087}
  - {fileID: 7365189250464126299}
  - {fileID: 7361470802696288525}
  m_BlendShapeWeights: []
  m_RootBone: {fileID: 7365546290701567685}
  m_AABB:
    m_Center: {x: -0.5010718, y: -0.03909061, z: 0.41464904}
    m_Extent: {x: 0.06647676, y: 0.058998875, z: 0.1364387}
  m_DirtyAABB: 0
--- !u!1 &7358908117832335157
GameObject:
  m_ObjectHideFlags: 0
  m_CorrespondingSourceObject: {fileID: 0}
  m_PrefabInstance: {fileID: 0}
  m_PrefabAsset: {fileID: 0}
  serializedVersion: 6
  m_Component:
  - component: {fileID: 7361259495011754729}
  m_Layer: 12
  m_Name: Base Human001RDigit21
  m_TagString: Untagged
  m_Icon: {fileID: 0}
  m_NavMeshLayer: 0
  m_StaticEditorFlags: 0
  m_IsActive: 1
--- !u!4 &7361259495011754729
Transform:
  m_ObjectHideFlags: 0
  m_CorrespondingSourceObject: {fileID: 0}
  m_PrefabInstance: {fileID: 0}
  m_PrefabAsset: {fileID: 0}
  m_GameObject: {fileID: 7358908117832335157}
  m_LocalRotation: {x: 0.028175665, y: -0.071373664, z: 0.061573982, w: 0.99514854}
  m_LocalPosition: {x: -0.09162569, y: -0.0045438767, z: -0.026684655}
  m_LocalScale: {x: 0.999998, y: 1, z: 1.000002}
  m_Children:
  - {fileID: 7365192346667381969}
  m_Father: {fileID: 7365244171868567379}
  m_RootOrder: 1
  m_LocalEulerAnglesHint: {x: 0, y: 0, z: 0}
--- !u!1 &7358923389923228763
GameObject:
  m_ObjectHideFlags: 0
  m_CorrespondingSourceObject: {fileID: 0}
  m_PrefabInstance: {fileID: 0}
  m_PrefabAsset: {fileID: 0}
  serializedVersion: 6
  m_Component:
  - component: {fileID: 7361489166808346375}
  m_Layer: 12
  m_Name: Base Human001RDigit12
  m_TagString: Untagged
  m_Icon: {fileID: 0}
  m_NavMeshLayer: 0
  m_StaticEditorFlags: 0
  m_IsActive: 1
--- !u!4 &7361489166808346375
Transform:
  m_ObjectHideFlags: 0
  m_CorrespondingSourceObject: {fileID: 0}
  m_PrefabInstance: {fileID: 0}
  m_PrefabAsset: {fileID: 0}
  m_GameObject: {fileID: 7358923389923228763}
  m_LocalRotation: {x: -0.0000015348205, y: 0.0000009983809, z: 0.000001981868, w: 1}
  m_LocalPosition: {x: -0.027196769, y: -0.00000022888183, z: 0.000000114440915}
  m_LocalScale: {x: 0.999994, y: 1.000001, z: 1.000006}
  m_Children:
  - {fileID: 7361490313285753793}
  m_Father: {fileID: 7361369352433349845}
  m_RootOrder: 0
  m_LocalEulerAnglesHint: {x: 0, y: 0, z: 0}
--- !u!1 &7358923503147151215
GameObject:
  m_ObjectHideFlags: 0
  m_CorrespondingSourceObject: {fileID: 0}
  m_PrefabInstance: {fileID: 0}
  m_PrefabAsset: {fileID: 0}
  serializedVersion: 6
  m_Component:
  - component: {fileID: 7361418269139395421}
  m_Layer: 12
  m_Name: Base Human001LDigit33
  m_TagString: Untagged
  m_Icon: {fileID: 0}
  m_NavMeshLayer: 0
  m_StaticEditorFlags: 0
  m_IsActive: 1
--- !u!4 &7361418269139395421
Transform:
  m_ObjectHideFlags: 0
  m_CorrespondingSourceObject: {fileID: 0}
  m_PrefabInstance: {fileID: 0}
  m_PrefabAsset: {fileID: 0}
  m_GameObject: {fileID: 7358923503147151215}
  m_LocalRotation: {x: -0.0000006258496, y: 0.0000039031697, z: 0.00000019371738,
    w: 1}
  m_LocalPosition: {x: -0.026303044, y: 0, z: 0.0000002002716}
  m_LocalScale: {x: 1.000001, y: 1, z: 0.999999}
  m_Children: []
  m_Father: {fileID: 7365188900016063081}
  m_RootOrder: 0
  m_LocalEulerAnglesHint: {x: 0, y: 0, z: 0}
--- !u!1 &7358936039133101461
GameObject:
  m_ObjectHideFlags: 0
  m_CorrespondingSourceObject: {fileID: 0}
  m_PrefabInstance: {fileID: 0}
  m_PrefabAsset: {fileID: 0}
  serializedVersion: 6
  m_Component:
  - component: {fileID: 7361186413435964891}
  m_Layer: 12
  m_Name: Base Human001LToe
  m_TagString: Untagged
  m_Icon: {fileID: 0}
  m_NavMeshLayer: 0
  m_StaticEditorFlags: 0
  m_IsActive: 1
--- !u!4 &7361186413435964891
Transform:
  m_ObjectHideFlags: 0
  m_CorrespondingSourceObject: {fileID: 0}
  m_PrefabInstance: {fileID: 0}
  m_PrefabAsset: {fileID: 0}
  m_GameObject: {fileID: 7358936039133101461}
  m_LocalRotation: {x: -0.00002775371, y: -0.0005071722, z: -0.0026172386, w: 0.9999965}
  m_LocalPosition: {x: -0.1633237, y: -0.005148582, z: 0.00000026464463}
  m_LocalScale: {x: 1, y: 1, z: 1}
  m_Children: []
  m_Father: {fileID: 7365300600256537613}
  m_RootOrder: 0
  m_LocalEulerAnglesHint: {x: 0, y: 0, z: 0}
--- !u!1 &7358938149286351675
GameObject:
  m_ObjectHideFlags: 0
  m_CorrespondingSourceObject: {fileID: 0}
  m_PrefabInstance: {fileID: 0}
  m_PrefabAsset: {fileID: 0}
  serializedVersion: 6
  m_Component:
  - component: {fileID: 7365404522138115249}
  m_Layer: 12
  m_Name: Base Human001RPlatform
  m_TagString: Untagged
  m_Icon: {fileID: 0}
  m_NavMeshLayer: 0
  m_StaticEditorFlags: 0
  m_IsActive: 1
--- !u!4 &7365404522138115249
Transform:
  m_ObjectHideFlags: 0
  m_CorrespondingSourceObject: {fileID: 0}
  m_PrefabInstance: {fileID: 0}
  m_PrefabAsset: {fileID: 0}
  m_GameObject: {fileID: 7358938149286351675}
  m_LocalRotation: {x: 0.48177359, y: -0.4817735, z: -0.51758504, w: 0.51758516}
  m_LocalPosition: {x: 0.08708618, y: -9.700427e-10, z: 0.007766396}
  m_LocalScale: {x: 1, y: 1, z: 1}
  m_Children: []
  m_Father: {fileID: 7365496679339199527}
  m_RootOrder: 2
  m_LocalEulerAnglesHint: {x: 0, y: 0, z: 0}
--- !u!1 &7358942358046219863
GameObject:
  m_ObjectHideFlags: 0
  m_CorrespondingSourceObject: {fileID: 0}
  m_PrefabInstance: {fileID: 0}
  m_PrefabAsset: {fileID: 0}
  serializedVersion: 6
  m_Component:
  - component: {fileID: 7361623854744870907}
  - component: {fileID: 7480150642177532985}
  m_Layer: 12
  m_Name: Pelvis
  m_TagString: Untagged
  m_Icon: {fileID: 0}
  m_NavMeshLayer: 0
  m_StaticEditorFlags: 0
  m_IsActive: 1
--- !u!4 &7361623854744870907
Transform:
  m_ObjectHideFlags: 0
  m_CorrespondingSourceObject: {fileID: 0}
  m_PrefabInstance: {fileID: 0}
  m_PrefabAsset: {fileID: 0}
  m_GameObject: {fileID: 7358942358046219863}
  m_LocalRotation: {x: -0.7071068, y: 0, z: -0, w: 0.7071068}
  m_LocalPosition: {x: 0.0005282933, y: 0.916303, z: -0.009488195}
  m_LocalScale: {x: 1, y: 1, z: 1}
  m_Children: []
  m_Father: {fileID: 7365496679339199527}
  m_RootOrder: 9
  m_LocalEulerAnglesHint: {x: 0, y: 0, z: 0}
--- !u!137 &7480150642177532985
SkinnedMeshRenderer:
  m_ObjectHideFlags: 0
  m_CorrespondingSourceObject: {fileID: 0}
  m_PrefabInstance: {fileID: 0}
  m_PrefabAsset: {fileID: 0}
  m_GameObject: {fileID: 7358942358046219863}
  m_Enabled: 1
  m_CastShadows: 1
  m_ReceiveShadows: 1
  m_DynamicOccludee: 1
  m_MotionVectors: 1
  m_LightProbeUsage: 1
  m_ReflectionProbeUsage: 1
  m_RenderingLayerMask: 1
  m_RendererPriority: 0
  m_Materials:
  - {fileID: 2100000, guid: 5e804927f0664c540a2d7dcd994c09a9, type: 2}
  m_StaticBatchInfo:
    firstSubMesh: 0
    subMeshCount: 0
  m_StaticBatchRoot: {fileID: 0}
  m_ProbeAnchor: {fileID: 0}
  m_LightProbeVolumeOverride: {fileID: 0}
  m_ScaleInLightmap: 1
  m_PreserveUVs: 0
  m_IgnoreNormalsForChartDetection: 0
  m_ImportantGI: 0
  m_StitchLightmapSeams: 0
  m_SelectedEditorRenderState: 3
  m_MinimumChartSize: 4
  m_AutoUVMaxDistance: 0.5
  m_AutoUVMaxAngle: 89
  m_LightmapParameters: {fileID: 0}
  m_SortingLayerID: 0
  m_SortingLayer: 0
  m_SortingOrder: 0
  serializedVersion: 2
  m_Quality: 0
  m_UpdateWhenOffscreen: 0
  m_SkinnedMotionVectors: 1
  m_Mesh: {fileID: 4300002, guid: a123bc3d048b39640a6552bd9a5ebc6d, type: 3}
  m_Bones:
  - {fileID: 7361488291042597331}
  - {fileID: 7365546290701567685}
  - {fileID: 7361231816670334899}
  - {fileID: 7361446081447286831}
  - {fileID: 7365300600256537613}
  - {fileID: 7361186413435964891}
  - {fileID: 7361355657922441419}
  - {fileID: 7365404522138115249}
  - {fileID: 7361471174107119325}
  - {fileID: 7365156482642110955}
  - {fileID: 7365613430500744875}
  - {fileID: 7361230024586734087}
  - {fileID: 7361554491901918805}
  - {fileID: 7361234935884406199}
  - {fileID: 7361223850562103275}
  - {fileID: 7365540932481312283}
  - {fileID: 7365405548698169733}
  - {fileID: 7365608524049747421}
  - {fileID: 7365189250464126299}
  - {fileID: 7361470802696288525}
  m_BlendShapeWeights: []
  m_RootBone: {fileID: 7365546290701567685}
  m_AABB:
    m_Center: {x: -0.010445349, y: 0.024831265, z: -0.0007544905}
    m_Extent: {x: 0.24816912, y: 0.17841068, z: 0.20043235}
  m_DirtyAABB: 0
--- !u!1 &7358978580292878121
GameObject:
  m_ObjectHideFlags: 0
  m_CorrespondingSourceObject: {fileID: 0}
  m_PrefabInstance: {fileID: 0}
  m_PrefabAsset: {fileID: 0}
  serializedVersion: 6
  m_Component:
  - component: {fileID: 7365496679339199527}
  - component: {fileID: 7454219210111459623}
  - component: {fileID: 7360757517761834717}
  - component: {fileID: 7360757517761834690}
  - component: {fileID: 7360757517761834691}
  - component: {fileID: 7360757517761834688}
  m_Layer: 12
  m_Name: Zombie Girl 3C
  m_TagString: Enemy
  m_Icon: {fileID: 0}
  m_NavMeshLayer: 0
  m_StaticEditorFlags: 0
  m_IsActive: 0
--- !u!4 &7365496679339199527
Transform:
  m_ObjectHideFlags: 0
  m_CorrespondingSourceObject: {fileID: 0}
  m_PrefabInstance: {fileID: 0}
  m_PrefabAsset: {fileID: 0}
  m_GameObject: {fileID: 7358978580292878121}
  m_LocalRotation: {x: 0, y: 0, z: 0, w: 1}
  m_LocalPosition: {x: 0, y: 0, z: 0}
  m_LocalScale: {x: 1, y: 1, z: 1}
  m_Children:
  - {fileID: 7361230024586734087}
  - {fileID: 7365546290701567685}
  - {fileID: 7365404522138115249}
  - {fileID: 7361495624249229709}
  - {fileID: 7365281838815381747}
  - {fileID: 7365147144121617771}
  - {fileID: 7365471570242507115}
  - {fileID: 7361602022216402575}
  - {fileID: 7365554356050933519}
  - {fileID: 7361623854744870907}
  - {fileID: 7361462122501974811}
  - {fileID: 7361421850010418161}
  - {fileID: 7361173114665024951}
  - {fileID: 7361405486171661207}
  m_Father: {fileID: 0}
  m_RootOrder: 0
  m_LocalEulerAnglesHint: {x: 0, y: 0, z: 0}
--- !u!95 &7454219210111459623
Animator:
  serializedVersion: 3
  m_ObjectHideFlags: 0
  m_CorrespondingSourceObject: {fileID: 0}
  m_PrefabInstance: {fileID: 0}
  m_PrefabAsset: {fileID: 0}
  m_GameObject: {fileID: 7358978580292878121}
  m_Enabled: 1
  m_Avatar: {fileID: 9000000, guid: a123bc3d048b39640a6552bd9a5ebc6d, type: 3}
  m_Controller: {fileID: 9100000, guid: e33b457d8e22bdd46b2eabde04ebaf44, type: 2}
  m_CullingMode: 1
  m_UpdateMode: 0
  m_ApplyRootMotion: 0
  m_LinearVelocityBlending: 0
  m_WarningMessage: 
  m_HasTransformHierarchy: 1
  m_AllowConstantClipSamplingOptimization: 1
  m_KeepAnimatorControllerStateOnDisable: 0
--- !u!135 &7360757517761834717
SphereCollider:
  m_ObjectHideFlags: 0
  m_CorrespondingSourceObject: {fileID: 0}
  m_PrefabInstance: {fileID: 0}
  m_PrefabAsset: {fileID: 0}
  m_GameObject: {fileID: 7358978580292878121}
  m_Material: {fileID: 0}
  m_IsTrigger: 0
  m_Enabled: 1
  serializedVersion: 2
  m_Radius: 0.09
  m_Center: {x: -0.01, y: 1.62, z: 0}
--- !u!143 &7360757517761834690
CharacterController:
  m_ObjectHideFlags: 0
  m_CorrespondingSourceObject: {fileID: 0}
  m_PrefabInstance: {fileID: 0}
  m_PrefabAsset: {fileID: 0}
  m_GameObject: {fileID: 7358978580292878121}
  m_Material: {fileID: 0}
  m_IsTrigger: 0
  m_Enabled: 1
  serializedVersion: 2
  m_Height: 1.65
  m_Radius: 0.25
  m_SlopeLimit: 45
  m_StepOffset: 0.3
  m_SkinWidth: 0.08
  m_MinMoveDistance: 0
  m_Center: {x: 0, y: 0.75, z: 0}
--- !u!195 &7360757517761834691
NavMeshAgent:
  m_ObjectHideFlags: 0
  m_CorrespondingSourceObject: {fileID: 0}
  m_PrefabInstance: {fileID: 0}
  m_PrefabAsset: {fileID: 0}
  m_GameObject: {fileID: 7358978580292878121}
  m_Enabled: 1
  m_AgentTypeID: 0
  m_Radius: 0.2
  m_Speed: 3.5
  m_Acceleration: 8
  avoidancePriority: 50
  m_AngularSpeed: 120
  m_StoppingDistance: 0
  m_AutoTraverseOffMeshLink: 1
  m_AutoBraking: 1
  m_AutoRepath: 1
  m_Height: 1.7
  m_BaseOffset: -0.09
  m_WalkableMask: 4294967295
  m_ObstacleAvoidanceType: 4
--- !u!114 &7360757517761834688
MonoBehaviour:
  m_ObjectHideFlags: 0
  m_CorrespondingSourceObject: {fileID: 0}
  m_PrefabInstance: {fileID: 0}
  m_PrefabAsset: {fileID: 0}
  m_GameObject: {fileID: 7358978580292878121}
  m_Enabled: 1
  m_EditorHideFlags: 0
  m_Script: {fileID: 11500000, guid: a92b2d23b48d2f149976cd99294fa207, type: 3}
  m_Name: 
  m_EditorClassIdentifier: 
  attackDistance: 2
  alertAttackDistance: 8
  followDistance: 200
  enemyCurrentState: 0
--- !u!1 &7358990008200675559
GameObject:
  m_ObjectHideFlags: 0
  m_CorrespondingSourceObject: {fileID: 0}
  m_PrefabInstance: {fileID: 0}
  m_PrefabAsset: {fileID: 0}
  serializedVersion: 6
  m_Component:
  - component: {fileID: 7361223850562103275}
  m_Layer: 12
  m_Name: Base Human001Ribcage
  m_TagString: Untagged
  m_Icon: {fileID: 0}
  m_NavMeshLayer: 0
  m_StaticEditorFlags: 0
  m_IsActive: 1
--- !u!4 &7361223850562103275
Transform:
  m_ObjectHideFlags: 0
  m_CorrespondingSourceObject: {fileID: 0}
  m_PrefabInstance: {fileID: 0}
  m_PrefabAsset: {fileID: 0}
  m_GameObject: {fileID: 7358990008200675559}
  m_LocalRotation: {x: -5.969991e-10, y: -0.0000000107065325, z: -0.11403614, w: 0.9934766}
  m_LocalPosition: {x: -0.15982853, y: 0.000000028610229, z: 0}
  m_LocalScale: {x: 0.999999, y: 0.999999, z: 1}
  m_Children:
  - {fileID: 7365540932481312283}
  - {fileID: 7365106088279794689}
  - {fileID: 7361583877613922831}
  m_Father: {fileID: 7361234935884406199}
  m_RootOrder: 0
  m_LocalEulerAnglesHint: {x: 0, y: 0, z: 0}
--- !u!1 &7359003127154187729
GameObject:
  m_ObjectHideFlags: 0
  m_CorrespondingSourceObject: {fileID: 0}
  m_PrefabInstance: {fileID: 0}
  m_PrefabAsset: {fileID: 0}
  serializedVersion: 6
  m_Component:
  - component: {fileID: 7361234935884406199}
  m_Layer: 12
  m_Name: Base Human001Spine3
  m_TagString: Untagged
  m_Icon: {fileID: 0}
  m_NavMeshLayer: 0
  m_StaticEditorFlags: 0
  m_IsActive: 1
--- !u!4 &7361234935884406199
Transform:
  m_ObjectHideFlags: 0
  m_CorrespondingSourceObject: {fileID: 0}
  m_PrefabInstance: {fileID: 0}
  m_PrefabAsset: {fileID: 0}
  m_GameObject: {fileID: 7359003127154187729}
  m_LocalRotation: {x: -0.0000000012761512, y: 0.000000016381145, z: 0.055502884,
    w: 0.99845856}
  m_LocalPosition: {x: -0.14872925, y: 0, z: -3.410605e-15}
  m_LocalScale: {x: 1, y: 1, z: 1}
  m_Children:
  - {fileID: 7361223850562103275}
  m_Father: {fileID: 7361554491901918805}
  m_RootOrder: 0
  m_LocalEulerAnglesHint: {x: 0, y: 0, z: 0}
--- !u!1 &7359014092468822101
GameObject:
  m_ObjectHideFlags: 0
  m_CorrespondingSourceObject: {fileID: 0}
  m_PrefabInstance: {fileID: 0}
  m_PrefabAsset: {fileID: 0}
  serializedVersion: 6
  m_Component:
  - component: {fileID: 7365263780643261171}
  m_Layer: 12
  m_Name: Base Human001RForearm
  m_TagString: Untagged
  m_Icon: {fileID: 0}
  m_NavMeshLayer: 0
  m_StaticEditorFlags: 0
  m_IsActive: 1
--- !u!4 &7365263780643261171
Transform:
  m_ObjectHideFlags: 0
  m_CorrespondingSourceObject: {fileID: 0}
  m_PrefabInstance: {fileID: 0}
  m_PrefabAsset: {fileID: 0}
  m_GameObject: {fileID: 7359014092468822101}
  m_LocalRotation: {x: -0.07187098, y: 0.050420903, z: -0.06785603, w: 0.99382484}
  m_LocalPosition: {x: -0.32630128, y: -0.0000006723404, z: 0}
  m_LocalScale: {x: 1, y: 1, z: 1}
  m_Children:
  - {fileID: 7365244171868567379}
  m_Father: {fileID: 7365382040197972551}
  m_RootOrder: 0
  m_LocalEulerAnglesHint: {x: 0, y: 0, z: 0}
--- !u!1 &7359028715910421313
GameObject:
  m_ObjectHideFlags: 0
  m_CorrespondingSourceObject: {fileID: 0}
  m_PrefabInstance: {fileID: 0}
  m_PrefabAsset: {fileID: 0}
  serializedVersion: 6
  m_Component:
  - component: {fileID: 7365554356050933519}
  - component: {fileID: 7476080339077436095}
  m_Layer: 12
  m_Name: LKnee
  m_TagString: Untagged
  m_Icon: {fileID: 0}
  m_NavMeshLayer: 0
  m_StaticEditorFlags: 0
  m_IsActive: 1
--- !u!4 &7365554356050933519
Transform:
  m_ObjectHideFlags: 0
  m_CorrespondingSourceObject: {fileID: 0}
  m_PrefabInstance: {fileID: 0}
  m_PrefabAsset: {fileID: 0}
  m_GameObject: {fileID: 7359028715910421313}
  m_LocalRotation: {x: -0.7071068, y: 0, z: -0, w: 0.7071068}
  m_LocalPosition: {x: -0.090619385, y: 0.5357551, z: -0.038673468}
  m_LocalScale: {x: 1, y: 1, z: 1}
  m_Children: []
  m_Father: {fileID: 7365496679339199527}
  m_RootOrder: 8
  m_LocalEulerAnglesHint: {x: 0, y: 0, z: 0}
--- !u!137 &7476080339077436095
SkinnedMeshRenderer:
  m_ObjectHideFlags: 0
  m_CorrespondingSourceObject: {fileID: 0}
  m_PrefabInstance: {fileID: 0}
  m_PrefabAsset: {fileID: 0}
  m_GameObject: {fileID: 7359028715910421313}
  m_Enabled: 1
  m_CastShadows: 1
  m_ReceiveShadows: 1
  m_DynamicOccludee: 1
  m_MotionVectors: 1
  m_LightProbeUsage: 1
  m_ReflectionProbeUsage: 1
  m_RenderingLayerMask: 1
  m_RendererPriority: 0
  m_Materials:
  - {fileID: 2100000, guid: 5e804927f0664c540a2d7dcd994c09a9, type: 2}
  m_StaticBatchInfo:
    firstSubMesh: 0
    subMeshCount: 0
  m_StaticBatchRoot: {fileID: 0}
  m_ProbeAnchor: {fileID: 0}
  m_LightProbeVolumeOverride: {fileID: 0}
  m_ScaleInLightmap: 1
  m_PreserveUVs: 0
  m_IgnoreNormalsForChartDetection: 0
  m_ImportantGI: 0
  m_StitchLightmapSeams: 0
  m_SelectedEditorRenderState: 3
  m_MinimumChartSize: 4
  m_AutoUVMaxDistance: 0.5
  m_AutoUVMaxAngle: 89
  m_LightmapParameters: {fileID: 0}
  m_SortingLayerID: 0
  m_SortingLayer: 0
  m_SortingOrder: 0
  serializedVersion: 2
  m_Quality: 0
  m_UpdateWhenOffscreen: 0
  m_SkinnedMotionVectors: 1
  m_Mesh: {fileID: 4300006, guid: a123bc3d048b39640a6552bd9a5ebc6d, type: 3}
  m_Bones:
  - {fileID: 7361355657922441419}
  - {fileID: 7361231816670334899}
  - {fileID: 7365404522138115249}
  - {fileID: 7365546290701567685}
  - {fileID: 7361230024586734087}
  - {fileID: 7365300600256537613}
  - {fileID: 7361186413435964891}
  - {fileID: 7361446081447286831}
  - {fileID: 7361471174107119325}
  - {fileID: 7365156482642110955}
  - {fileID: 7365613430500744875}
  - {fileID: 7361488291042597331}
  - {fileID: 7361554491901918805}
  - {fileID: 7361234935884406199}
  - {fileID: 7361223850562103275}
  - {fileID: 7365540932481312283}
  - {fileID: 7365405548698169733}
  - {fileID: 7365608524049747421}
  - {fileID: 7365189250464126299}
  - {fileID: 7361470802696288525}
  m_BlendShapeWeights: []
  m_RootBone: {fileID: 7365546290701567685}
  m_AABB:
    m_Center: {x: 0.3741203, y: -0.0067076534, z: 0.08955225}
    m_Extent: {x: 0.18907084, y: 0.10811342, z: 0.074630916}
  m_DirtyAABB: 0
--- !u!1 &7359053298040598563
GameObject:
  m_ObjectHideFlags: 0
  m_CorrespondingSourceObject: {fileID: 0}
  m_PrefabInstance: {fileID: 0}
  m_PrefabAsset: {fileID: 0}
  serializedVersion: 6
  m_Component:
  - component: {fileID: 7361355657922441419}
  m_Layer: 12
  m_Name: Base Human001LCalf
  m_TagString: Untagged
  m_Icon: {fileID: 0}
  m_NavMeshLayer: 0
  m_StaticEditorFlags: 0
  m_IsActive: 1
--- !u!4 &7361355657922441419
Transform:
  m_ObjectHideFlags: 0
  m_CorrespondingSourceObject: {fileID: 0}
  m_PrefabInstance: {fileID: 0}
  m_PrefabAsset: {fileID: 0}
  m_GameObject: {fileID: 7359053298040598563}
  m_LocalRotation: {x: 0.000025541218, y: 0.00006357838, z: -0.00009957863, w: 1}
  m_LocalPosition: {x: -0.4453622, y: 0.0000006508827, z: -0.00000022172928}
  m_LocalScale: {x: 1, y: 1, z: 1}
  m_Children:
  - {fileID: 7365300600256537613}
  m_Father: {fileID: 7361231816670334899}
  m_RootOrder: 0
  m_LocalEulerAnglesHint: {x: 0, y: 0, z: 0}
--- !u!1 &7359059297123204601
GameObject:
  m_ObjectHideFlags: 0
  m_CorrespondingSourceObject: {fileID: 0}
  m_PrefabInstance: {fileID: 0}
  m_PrefabAsset: {fileID: 0}
  serializedVersion: 6
  m_Component:
  - component: {fileID: 7361395537216482411}
  m_Layer: 12
  m_Name: Base Human001RDigit32
  m_TagString: Untagged
  m_Icon: {fileID: 0}
  m_NavMeshLayer: 0
  m_StaticEditorFlags: 0
  m_IsActive: 1
--- !u!4 &7361395537216482411
Transform:
  m_ObjectHideFlags: 0
  m_CorrespondingSourceObject: {fileID: 0}
  m_PrefabInstance: {fileID: 0}
  m_PrefabAsset: {fileID: 0}
  m_GameObject: {fileID: 7359059297123204601}
  m_LocalRotation: {x: -0.00000063702385, y: 0.0000038906032, z: -0.0000002309657,
    w: 1}
  m_LocalPosition: {x: -0.03568282, y: 0, z: 0.00000028610228}
  m_LocalScale: {x: 0.999999, y: 1, z: 1.000001}
  m_Children:
  - {fileID: 7365289475528853133}
  m_Father: {fileID: 7365134561749328527}
  m_RootOrder: 0
  m_LocalEulerAnglesHint: {x: 0, y: 0, z: 0}
--- !u!1 &7359064453165700763
GameObject:
  m_ObjectHideFlags: 0
  m_CorrespondingSourceObject: {fileID: 0}
  m_PrefabInstance: {fileID: 0}
  m_PrefabAsset: {fileID: 0}
  serializedVersion: 6
  m_Component:
  - component: {fileID: 7361462122501974811}
  - component: {fileID: 7480354651557118359}
  m_Layer: 12
  m_Name: RElbow
  m_TagString: Untagged
  m_Icon: {fileID: 0}
  m_NavMeshLayer: 0
  m_StaticEditorFlags: 0
  m_IsActive: 1
--- !u!4 &7361462122501974811
Transform:
  m_ObjectHideFlags: 0
  m_CorrespondingSourceObject: {fileID: 0}
  m_PrefabInstance: {fileID: 0}
  m_PrefabAsset: {fileID: 0}
  m_GameObject: {fileID: 7359064453165700763}
  m_LocalRotation: {x: -0.7071068, y: 0, z: -0, w: 0.7071068}
  m_LocalPosition: {x: 0.41673207, y: 1.4141806, z: -0.074313395}
  m_LocalScale: {x: 1, y: 1, z: 1}
  m_Children: []
  m_Father: {fileID: 7365496679339199527}
  m_RootOrder: 10
  m_LocalEulerAnglesHint: {x: 0, y: 0, z: 0}
--- !u!137 &7480354651557118359
SkinnedMeshRenderer:
  m_ObjectHideFlags: 0
  m_CorrespondingSourceObject: {fileID: 0}
  m_PrefabInstance: {fileID: 0}
  m_PrefabAsset: {fileID: 0}
  m_GameObject: {fileID: 7359064453165700763}
  m_Enabled: 1
  m_CastShadows: 1
  m_ReceiveShadows: 1
  m_DynamicOccludee: 1
  m_MotionVectors: 1
  m_LightProbeUsage: 1
  m_ReflectionProbeUsage: 1
  m_RenderingLayerMask: 1
  m_RendererPriority: 0
  m_Materials:
  - {fileID: 2100000, guid: 5e804927f0664c540a2d7dcd994c09a9, type: 2}
  m_StaticBatchInfo:
    firstSubMesh: 0
    subMeshCount: 0
  m_StaticBatchRoot: {fileID: 0}
  m_ProbeAnchor: {fileID: 0}
  m_LightProbeVolumeOverride: {fileID: 0}
  m_ScaleInLightmap: 1
  m_PreserveUVs: 0
  m_IgnoreNormalsForChartDetection: 0
  m_ImportantGI: 0
  m_StitchLightmapSeams: 0
  m_SelectedEditorRenderState: 3
  m_MinimumChartSize: 4
  m_AutoUVMaxDistance: 0.5
  m_AutoUVMaxAngle: 89
  m_LightmapParameters: {fileID: 0}
  m_SortingLayerID: 0
  m_SortingLayer: 0
  m_SortingOrder: 0
  serializedVersion: 2
  m_Quality: 0
  m_UpdateWhenOffscreen: 0
  m_SkinnedMotionVectors: 1
  m_Mesh: {fileID: 4300018, guid: a123bc3d048b39640a6552bd9a5ebc6d, type: 3}
  m_Bones:
  - {fileID: 7365382040197972551}
  - {fileID: 7365263780643261171}
  - {fileID: 7365404522138115249}
  - {fileID: 7361231816670334899}
  - {fileID: 7361355657922441419}
  - {fileID: 7365300600256537613}
  - {fileID: 7361186413435964891}
  - {fileID: 7361446081447286831}
  - {fileID: 7361471174107119325}
  - {fileID: 7365156482642110955}
  - {fileID: 7365613430500744875}
  - {fileID: 7361488291042597331}
  - {fileID: 7361554491901918805}
  - {fileID: 7361234935884406199}
  - {fileID: 7361223850562103275}
  - {fileID: 7365540932481312283}
  - {fileID: 7365405548698169733}
  - {fileID: 7365608524049747421}
  - {fileID: 7365189250464126299}
  - {fileID: 7365546290701567685}
  m_BlendShapeWeights: []
  m_RootBone: {fileID: 7365546290701567685}
  m_AABB:
    m_Center: {x: -0.50076514, y: -0.03884636, z: -0.4136352}
    m_Extent: {x: 0.066948, y: 0.058856532, z: 0.13736646}
  m_DirtyAABB: 0
--- !u!1 &7359088532657919701
GameObject:
  m_ObjectHideFlags: 0
  m_CorrespondingSourceObject: {fileID: 0}
  m_PrefabInstance: {fileID: 0}
  m_PrefabAsset: {fileID: 0}
  serializedVersion: 6
  m_Component:
  - component: {fileID: 7361602022216402575}
  - component: {fileID: 7479936636269911133}
  m_Layer: 12
  m_Name: LHand
  m_TagString: Untagged
  m_Icon: {fileID: 0}
  m_NavMeshLayer: 0
  m_StaticEditorFlags: 0
  m_IsActive: 1
--- !u!4 &7361602022216402575
Transform:
  m_ObjectHideFlags: 0
  m_CorrespondingSourceObject: {fileID: 0}
  m_PrefabInstance: {fileID: 0}
  m_PrefabAsset: {fileID: 0}
  m_GameObject: {fileID: 7359088532657919701}
  m_LocalRotation: {x: -0.7071068, y: 0, z: -0, w: 0.7071068}
  m_LocalPosition: {x: -0.7124109, y: 1.3975571, z: -0.045409378}
  m_LocalScale: {x: 1, y: 1, z: 1}
  m_Children: []
  m_Father: {fileID: 7365496679339199527}
  m_RootOrder: 7
  m_LocalEulerAnglesHint: {x: 0, y: 0, z: 0}
--- !u!137 &7479936636269911133
SkinnedMeshRenderer:
  m_ObjectHideFlags: 0
  m_CorrespondingSourceObject: {fileID: 0}
  m_PrefabInstance: {fileID: 0}
  m_PrefabAsset: {fileID: 0}
  m_GameObject: {fileID: 7359088532657919701}
  m_Enabled: 1
  m_CastShadows: 1
  m_ReceiveShadows: 1
  m_DynamicOccludee: 1
  m_MotionVectors: 1
  m_LightProbeUsage: 1
  m_ReflectionProbeUsage: 1
  m_RenderingLayerMask: 1
  m_RendererPriority: 0
  m_Materials:
  - {fileID: 2100000, guid: 5e804927f0664c540a2d7dcd994c09a9, type: 2}
  m_StaticBatchInfo:
    firstSubMesh: 0
    subMeshCount: 0
  m_StaticBatchRoot: {fileID: 0}
  m_ProbeAnchor: {fileID: 0}
  m_LightProbeVolumeOverride: {fileID: 0}
  m_ScaleInLightmap: 1
  m_PreserveUVs: 0
  m_IgnoreNormalsForChartDetection: 0
  m_ImportantGI: 0
  m_StitchLightmapSeams: 0
  m_SelectedEditorRenderState: 3
  m_MinimumChartSize: 4
  m_AutoUVMaxDistance: 0.5
  m_AutoUVMaxAngle: 89
  m_LightmapParameters: {fileID: 0}
  m_SortingLayerID: 0
  m_SortingLayer: 0
  m_SortingOrder: 0
  serializedVersion: 2
  m_Quality: 0
  m_UpdateWhenOffscreen: 0
  m_SkinnedMotionVectors: 1
  m_Mesh: {fileID: 4300016, guid: a123bc3d048b39640a6552bd9a5ebc6d, type: 3}
  m_Bones:
  - {fileID: 7365608524049747421}
  - {fileID: 7365189250464126299}
  - {fileID: 7361470802696288525}
  - {fileID: 7361178521587090099}
  - {fileID: 7365109751656871479}
  - {fileID: 7361537136441251205}
  - {fileID: 7361265353256383211}
  - {fileID: 7365248777129581277}
  - {fileID: 7361404665326513477}
  - {fileID: 7361192803345930941}
  - {fileID: 7361418269139395421}
  - {fileID: 7365158175022364419}
  - {fileID: 7361554491901918805}
  - {fileID: 7361234935884406199}
  - {fileID: 7361223850562103275}
  - {fileID: 7365540932481312283}
  - {fileID: 7365613430500744875}
  - {fileID: 7365156482642110955}
  - {fileID: 7361471174107119325}
  - {fileID: 7361446081447286831}
  - {fileID: 7361488291042597331}
  - {fileID: 7361186413435964891}
  - {fileID: 7365300600256537613}
  - {fileID: 7361355657922441419}
  m_BlendShapeWeights: []
  m_RootBone: {fileID: 7361488291042597331}
  m_AABB:
    m_Center: {x: -0.43103296, y: -0.08856069, z: 0.7106019}
    m_Extent: {x: 0.071006656, y: 0.086694516, z: 0.17905971}
  m_DirtyAABB: 0
--- !u!1 &7359097114180045771
GameObject:
  m_ObjectHideFlags: 0
  m_CorrespondingSourceObject: {fileID: 0}
  m_PrefabInstance: {fileID: 0}
  m_PrefabAsset: {fileID: 0}
  serializedVersion: 6
  m_Component:
  - component: {fileID: 7365289475528853133}
  m_Layer: 12
  m_Name: Base Human001RDigit33
  m_TagString: Untagged
  m_Icon: {fileID: 0}
  m_NavMeshLayer: 0
  m_StaticEditorFlags: 0
  m_IsActive: 1
--- !u!4 &7365289475528853133
Transform:
  m_ObjectHideFlags: 0
  m_CorrespondingSourceObject: {fileID: 0}
  m_PrefabInstance: {fileID: 0}
  m_PrefabAsset: {fileID: 0}
  m_GameObject: {fileID: 7359097114180045771}
  m_LocalRotation: {x: -0.0000006388865, y: 0.0000038864123, z: -0.0000002235151,
    w: 1}
  m_LocalPosition: {x: -0.026302986, y: 0, z: 0.0000002002716}
  m_LocalScale: {x: 0.999999, y: 1, z: 1.000001}
  m_Children: []
  m_Father: {fileID: 7361395537216482411}
  m_RootOrder: 0
  m_LocalEulerAnglesHint: {x: 0, y: 0, z: 0}
--- !u!1 &7359101714512632641
GameObject:
  m_ObjectHideFlags: 0
  m_CorrespondingSourceObject: {fileID: 0}
  m_PrefabInstance: {fileID: 0}
  m_PrefabAsset: {fileID: 0}
  serializedVersion: 6
  m_Component:
  - component: {fileID: 7365188900016063081}
  m_Layer: 12
  m_Name: Base Human001LDigit32
  m_TagString: Untagged
  m_Icon: {fileID: 0}
  m_NavMeshLayer: 0
  m_StaticEditorFlags: 0
  m_IsActive: 1
--- !u!4 &7365188900016063081
Transform:
  m_ObjectHideFlags: 0
  m_CorrespondingSourceObject: {fileID: 0}
  m_PrefabInstance: {fileID: 0}
  m_PrefabAsset: {fileID: 0}
  m_GameObject: {fileID: 7359101714512632641}
  m_LocalRotation: {x: -0.0000006295749, y: 0.0000039008414, z: 0.00000019371738,
    w: 1}
  m_LocalPosition: {x: -0.035682905, y: 0, z: 0.00000027179718}
  m_LocalScale: {x: 1.000001, y: 1, z: 0.999999}
  m_Children:
  - {fileID: 7361418269139395421}
  m_Father: {fileID: 7361265353256383211}
  m_RootOrder: 0
  m_LocalEulerAnglesHint: {x: 0, y: 0, z: 0}
--- !u!1 &7359110491275293263
GameObject:
  m_ObjectHideFlags: 0
  m_CorrespondingSourceObject: {fileID: 0}
  m_PrefabInstance: {fileID: 0}
  m_PrefabAsset: {fileID: 0}
  serializedVersion: 6
  m_Component:
  - component: {fileID: 7365248777129581277}
  m_Layer: 12
  m_Name: Base Human001LDigit13
  m_TagString: Untagged
  m_Icon: {fileID: 0}
  m_NavMeshLayer: 0
  m_StaticEditorFlags: 0
  m_IsActive: 1
--- !u!4 &7365248777129581277
Transform:
  m_ObjectHideFlags: 0
  m_CorrespondingSourceObject: {fileID: 0}
  m_PrefabInstance: {fileID: 0}
  m_PrefabAsset: {fileID: 0}
  m_GameObject: {fileID: 7359110491275293263}
  m_LocalRotation: {x: -0.0000014826645, y: 0.0000010058252, z: -0.000002041445, w: 1}
  m_LocalPosition: {x: -0.02719694, y: 0, z: 0}
  m_LocalScale: {x: 1.000006, y: 0.999999, z: 0.999994}
  m_Children: []
  m_Father: {fileID: 7361178521587090099}
  m_RootOrder: 0
  m_LocalEulerAnglesHint: {x: 0, y: 0, z: 0}
--- !u!1 &7359119947206346407
GameObject:
  m_ObjectHideFlags: 0
  m_CorrespondingSourceObject: {fileID: 0}
  m_PrefabInstance: {fileID: 0}
  m_PrefabAsset: {fileID: 0}
  serializedVersion: 6
  m_Component:
  - component: {fileID: 7361537136441251205}
  m_Layer: 12
  m_Name: Base Human001LDigit41
  m_TagString: Untagged
  m_Icon: {fileID: 0}
  m_NavMeshLayer: 0
  m_StaticEditorFlags: 0
  m_IsActive: 1
--- !u!4 &7361537136441251205
Transform:
  m_ObjectHideFlags: 0
  m_CorrespondingSourceObject: {fileID: 0}
  m_PrefabInstance: {fileID: 0}
  m_PrefabAsset: {fileID: 0}
  m_GameObject: {fileID: 7359119947206346407}
  m_LocalRotation: {x: -0.04266125, y: -0.010352683, z: 0.068744585, w: 0.996668}
  m_LocalPosition: {x: -0.093079664, y: -0.0025513459, z: -0.017999033}
  m_LocalScale: {x: 0.999999, y: 1, z: 1.000001}
  m_Children:
  - {fileID: 7365570034136455157}
  m_Father: {fileID: 7365189250464126299}
  m_RootOrder: 3
  m_LocalEulerAnglesHint: {x: 0, y: 0, z: 0}
--- !u!1 &7359133183655199185
GameObject:
  m_ObjectHideFlags: 0
  m_CorrespondingSourceObject: {fileID: 0}
  m_PrefabInstance: {fileID: 0}
  m_PrefabAsset: {fileID: 0}
  serializedVersion: 6
  m_Component:
  - component: {fileID: 7365192346667381969}
  m_Layer: 12
  m_Name: Base Human001RDigit22
  m_TagString: Untagged
  m_Icon: {fileID: 0}
  m_NavMeshLayer: 0
  m_StaticEditorFlags: 0
  m_IsActive: 1
--- !u!4 &7365192346667381969
Transform:
  m_ObjectHideFlags: 0
  m_CorrespondingSourceObject: {fileID: 0}
  m_PrefabInstance: {fileID: 0}
  m_PrefabAsset: {fileID: 0}
  m_GameObject: {fileID: 7359133183655199185}
  m_LocalRotation: {x: -0.00000028963458, y: 0.0000038116893, z: 0.019286431, w: 0.999814}
  m_LocalPosition: {x: -0.027604235, y: 0.000000114440915, z: 0.00000020742416}
  m_LocalScale: {x: 0.999998, y: 1, z: 1.000002}
  m_Children:
  - {fileID: 7361394006914869549}
  m_Father: {fileID: 7361259495011754729}
  m_RootOrder: 0
  m_LocalEulerAnglesHint: {x: 0, y: 0, z: 0}
--- !u!1 &7359148531451769451
GameObject:
  m_ObjectHideFlags: 0
  m_CorrespondingSourceObject: {fileID: 0}
  m_PrefabInstance: {fileID: 0}
  m_PrefabAsset: {fileID: 0}
  serializedVersion: 6
  m_Component:
  - component: {fileID: 7361554491901918805}
  m_Layer: 12
  m_Name: Base Human001Spine2
  m_TagString: Untagged
  m_Icon: {fileID: 0}
  m_NavMeshLayer: 0
  m_StaticEditorFlags: 0
  m_IsActive: 1
--- !u!4 &7361554491901918805
Transform:
  m_ObjectHideFlags: 0
  m_CorrespondingSourceObject: {fileID: 0}
  m_PrefabInstance: {fileID: 0}
  m_PrefabAsset: {fileID: 0}
  m_GameObject: {fileID: 7359148531451769451}
  m_LocalRotation: {x: -0.000000007347342, y: 0.000000024972834, z: 0.15778679, w: 0.9874732}
  m_LocalPosition: {x: -0.17459226, y: 0, z: 6.82121e-15}
  m_LocalScale: {x: 1, y: 1, z: 1}
  m_Children:
  - {fileID: 7361234935884406199}
  m_Father: {fileID: 7361488291042597331}
  m_RootOrder: 0
  m_LocalEulerAnglesHint: {x: 0, y: 0, z: 0}
--- !u!1 &7359342106502472337
GameObject:
  m_ObjectHideFlags: 0
  m_CorrespondingSourceObject: {fileID: 0}
  m_PrefabInstance: {fileID: 0}
  m_PrefabAsset: {fileID: 0}
  serializedVersion: 6
  m_Component:
  - component: {fileID: 7361404665326513477}
  m_Layer: 12
  m_Name: Base Human001LDigit21
  m_TagString: Untagged
  m_Icon: {fileID: 0}
  m_NavMeshLayer: 0
  m_StaticEditorFlags: 0
  m_IsActive: 1
--- !u!4 &7361404665326513477
Transform:
  m_ObjectHideFlags: 0
  m_CorrespondingSourceObject: {fileID: 0}
  m_PrefabInstance: {fileID: 0}
  m_PrefabAsset: {fileID: 0}
  m_GameObject: {fileID: 7359342106502472337}
  m_LocalRotation: {x: -0.028177045, y: 0.07138124, z: 0.061574485, w: 0.99514794}
  m_LocalPosition: {x: -0.09162603, y: -0.0045438767, z: 0.0266861}
  m_LocalScale: {x: 1.000002, y: 1, z: 0.999998}
  m_Children:
  - {fileID: 7361192803345930941}
  m_Father: {fileID: 7365189250464126299}
  m_RootOrder: 1
  m_LocalEulerAnglesHint: {x: 0, y: 0, z: 0}
--- !u!1 &7359366394901963759
GameObject:
  m_ObjectHideFlags: 0
  m_CorrespondingSourceObject: {fileID: 0}
  m_PrefabInstance: {fileID: 0}
  m_PrefabAsset: {fileID: 0}
  serializedVersion: 6
  m_Component:
  - component: {fileID: 7365083467131846599}
  m_Layer: 12
  m_Name: Base Human001RDigit53
  m_TagString: Untagged
  m_Icon: {fileID: 0}
  m_NavMeshLayer: 0
  m_StaticEditorFlags: 0
  m_IsActive: 1
--- !u!4 &7365083467131846599
Transform:
  m_ObjectHideFlags: 0
  m_CorrespondingSourceObject: {fileID: 0}
  m_PrefabInstance: {fileID: 0}
  m_PrefabAsset: {fileID: 0}
  m_GameObject: {fileID: 7359366394901963759}
  m_LocalRotation: {x: -0.013674798, y: 0.0000037992902, z: -0.0000006186542, w: 0.99990654}
  m_LocalPosition: {x: -0.023020161, y: 0.000000114440915, z: 0.00000017166137}
  m_LocalScale: {x: 1.000002, y: 1, z: 0.999998}
  m_Children: []
  m_Father: {fileID: 7361352543095777457}
  m_RootOrder: 0
  m_LocalEulerAnglesHint: {x: 0, y: 0, z: 0}
--- !u!1 &7359460417939388539
GameObject:
  m_ObjectHideFlags: 0
  m_CorrespondingSourceObject: {fileID: 0}
  m_PrefabInstance: {fileID: 0}
  m_PrefabAsset: {fileID: 0}
  serializedVersion: 6
  m_Component:
  - component: {fileID: 7361173114665024951}
  - component: {fileID: 7476419034670820293}
  m_Layer: 12
  m_Name: RHand
  m_TagString: Untagged
  m_Icon: {fileID: 0}
  m_NavMeshLayer: 0
  m_StaticEditorFlags: 0
  m_IsActive: 1
--- !u!4 &7361173114665024951
Transform:
  m_ObjectHideFlags: 0
  m_CorrespondingSourceObject: {fileID: 0}
  m_PrefabInstance: {fileID: 0}
  m_PrefabAsset: {fileID: 0}
  m_GameObject: {fileID: 7359460417939388539}
  m_LocalRotation: {x: -0.7071068, y: 0, z: -0, w: 0.7071068}
  m_LocalPosition: {x: 0.71227795, y: 1.3974955, z: -0.0451641}
  m_LocalScale: {x: 1, y: 1, z: 1}
  m_Children: []
  m_Father: {fileID: 7365496679339199527}
  m_RootOrder: 12
  m_LocalEulerAnglesHint: {x: 0, y: 0, z: 0}
--- !u!137 &7476419034670820293
SkinnedMeshRenderer:
  m_ObjectHideFlags: 0
  m_CorrespondingSourceObject: {fileID: 0}
  m_PrefabInstance: {fileID: 0}
  m_PrefabAsset: {fileID: 0}
  m_GameObject: {fileID: 7359460417939388539}
  m_Enabled: 1
  m_CastShadows: 1
  m_ReceiveShadows: 1
  m_DynamicOccludee: 1
  m_MotionVectors: 1
  m_LightProbeUsage: 1
  m_ReflectionProbeUsage: 1
  m_RenderingLayerMask: 1
  m_RendererPriority: 0
  m_Materials:
  - {fileID: 2100000, guid: 5e804927f0664c540a2d7dcd994c09a9, type: 2}
  m_StaticBatchInfo:
    firstSubMesh: 0
    subMeshCount: 0
  m_StaticBatchRoot: {fileID: 0}
  m_ProbeAnchor: {fileID: 0}
  m_LightProbeVolumeOverride: {fileID: 0}
  m_ScaleInLightmap: 1
  m_PreserveUVs: 0
  m_IgnoreNormalsForChartDetection: 0
  m_ImportantGI: 0
  m_StitchLightmapSeams: 0
  m_SelectedEditorRenderState: 3
  m_MinimumChartSize: 4
  m_AutoUVMaxDistance: 0.5
  m_AutoUVMaxAngle: 89
  m_LightmapParameters: {fileID: 0}
  m_SortingLayerID: 0
  m_SortingLayer: 0
  m_SortingOrder: 0
  serializedVersion: 2
  m_Quality: 0
  m_UpdateWhenOffscreen: 0
  m_SkinnedMotionVectors: 1
  m_Mesh: {fileID: 4300020, guid: a123bc3d048b39640a6552bd9a5ebc6d, type: 3}
  m_Bones:
  - {fileID: 7365244171868567379}
  - {fileID: 7365263780643261171}
  - {fileID: 7361369352433349845}
  - {fileID: 7365233846508179773}
  - {fileID: 7361489166808346375}
  - {fileID: 7361164627365128141}
  - {fileID: 7365134561749328527}
  - {fileID: 7361259495011754729}
  - {fileID: 7361490313285753793}
  - {fileID: 7361641949065410473}
  - {fileID: 7365192346667381969}
  - {fileID: 7365289475528853133}
  - {fileID: 7361554491901918805}
  - {fileID: 7361234935884406199}
  - {fileID: 7361223850562103275}
  - {fileID: 7365540932481312283}
  - {fileID: 7365405548698169733}
  - {fileID: 7365608524049747421}
  - {fileID: 7365189250464126299}
  - {fileID: 7361470802696288525}
  m_BlendShapeWeights: []
  m_RootBone: {fileID: 7361554491901918805}
  m_AABB:
    m_Center: {x: -0.27201033, y: -0.008346591, z: -0.71035016}
    m_Extent: {x: 0.087175116, y: 0.079466105, z: 0.17931244}
  m_DirtyAABB: 0
--- !u!1 &7359461992824589283
GameObject:
  m_ObjectHideFlags: 0
  m_CorrespondingSourceObject: {fileID: 0}
  m_PrefabInstance: {fileID: 0}
  m_PrefabAsset: {fileID: 0}
  serializedVersion: 6
  m_Component:
  - component: {fileID: 7365613430500744875}
  m_Layer: 12
  m_Name: Base Human001RDigit11
  m_TagString: Untagged
  m_Icon: {fileID: 0}
  m_NavMeshLayer: 0
  m_StaticEditorFlags: 0
  m_IsActive: 1
--- !u!4 &7365613430500744875
Transform:
  m_ObjectHideFlags: 0
  m_CorrespondingSourceObject: {fileID: 0}
  m_PrefabInstance: {fileID: 0}
  m_PrefabAsset: {fileID: 0}
  m_GameObject: {fileID: 7359461992824589283}
  m_LocalRotation: {x: 0.000027334496, y: 0.0006751127, z: -0.0026572244, w: 0.99999624}
  m_LocalPosition: {x: -0.1633237, y: -0.005148593, z: -0.00000024318695}
  m_LocalScale: {x: 1, y: 1, z: 1}
  m_Children: []
  m_Father: {fileID: 7365156482642110955}
  m_RootOrder: 0
  m_LocalEulerAnglesHint: {x: 0, y: 0, z: 0}
--- !u!1 &7359481528062535511
GameObject:
  m_ObjectHideFlags: 0
  m_CorrespondingSourceObject: {fileID: 0}
  m_PrefabInstance: {fileID: 0}
  m_PrefabAsset: {fileID: 0}
  serializedVersion: 6
  m_Component:
  - component: {fileID: 7365134561749328527}
  m_Layer: 12
  m_Name: Base Human001RDigit31
  m_TagString: Untagged
  m_Icon: {fileID: 0}
  m_NavMeshLayer: 0
  m_StaticEditorFlags: 0
  m_IsActive: 1
--- !u!4 &7365134561749328527
Transform:
  m_ObjectHideFlags: 0
  m_CorrespondingSourceObject: {fileID: 0}
  m_PrefabInstance: {fileID: 0}
  m_PrefabAsset: {fileID: 0}
  m_GameObject: {fileID: 7359481528062535511}
  m_LocalRotation: {x: 0.013115452, y: -0.041593894, z: 0.043578137, w: 0.99809766}
  m_LocalPosition: {x: -0.092740975, y: -0.0024754715, z: -0.0014489347}
  m_LocalScale: {x: 0.999999, y: 1, z: 1.000001}
  m_Children:
  - {fileID: 7361395537216482411}
  m_Father: {fileID: 7365244171868567379}
  m_RootOrder: 2
  m_LocalEulerAnglesHint: {x: 0, y: 0, z: 0}
--- !u!1 &7359520816634881749
GameObject:
  m_ObjectHideFlags: 0
  m_CorrespondingSourceObject: {fileID: 0}
  m_PrefabInstance: {fileID: 0}
  m_PrefabAsset: {fileID: 0}
  serializedVersion: 6
  m_Component:
  - component: {fileID: 7361164627365128141}
  m_Layer: 12
  m_Name: Base Human001RDigit41
  m_TagString: Untagged
  m_Icon: {fileID: 0}
  m_NavMeshLayer: 0
  m_StaticEditorFlags: 0
  m_IsActive: 1
--- !u!4 &7361164627365128141
Transform:
  m_ObjectHideFlags: 0
  m_CorrespondingSourceObject: {fileID: 0}
  m_PrefabInstance: {fileID: 0}
  m_PrefabAsset: {fileID: 0}
  m_GameObject: {fileID: 7359520816634881749}
  m_LocalRotation: {x: 0.04265974, y: 0.010360544, z: 0.0687442, w: 0.996668}
  m_LocalPosition: {x: -0.09308006, y: -0.0025513459, z: 0.018000452}
  m_LocalScale: {x: 1.000001, y: 1, z: 1}
  m_Children:
  - {fileID: 7361641949065410473}
  m_Father: {fileID: 7365244171868567379}
  m_RootOrder: 3
  m_LocalEulerAnglesHint: {x: 0, y: 0, z: 0}
--- !u!1 &7359530997466718297
GameObject:
  m_ObjectHideFlags: 0
  m_CorrespondingSourceObject: {fileID: 0}
  m_PrefabInstance: {fileID: 0}
  m_PrefabAsset: {fileID: 0}
  serializedVersion: 6
  m_Component:
  - component: {fileID: 7361394006914869549}
  m_Layer: 12
  m_Name: Base Human001RDigit23
  m_TagString: Untagged
  m_Icon: {fileID: 0}
  m_NavMeshLayer: 0
  m_StaticEditorFlags: 0
  m_IsActive: 1
--- !u!4 &7361394006914869549
Transform:
  m_ObjectHideFlags: 0
  m_CorrespondingSourceObject: {fileID: 0}
  m_PrefabInstance: {fileID: 0}
  m_PrefabAsset: {fileID: 0}
  m_GameObject: {fileID: 7359530997466718297}
  m_LocalRotation: {x: -0.00000014455507, y: 0.000003823803, z: 0.019286469, w: 0.999814}
  m_LocalPosition: {x: -0.028705759, y: 0, z: 0.00000023603438}
  m_LocalScale: {x: 0.999998, y: 1, z: 1.000002}
  m_Children: []
  m_Father: {fileID: 7365192346667381969}
  m_RootOrder: 0
  m_LocalEulerAnglesHint: {x: 0, y: 0, z: 0}
--- !u!1 &7359546737092156663
GameObject:
  m_ObjectHideFlags: 0
  m_CorrespondingSourceObject: {fileID: 0}
  m_PrefabInstance: {fileID: 0}
  m_PrefabAsset: {fileID: 0}
  serializedVersion: 6
  m_Component:
  - component: {fileID: 7365471570242507115}
  - component: {fileID: 7476070831013885397}
  m_Layer: 12
  m_Name: LFoot
  m_TagString: Untagged
  m_Icon: {fileID: 0}
  m_NavMeshLayer: 0
  m_StaticEditorFlags: 0
  m_IsActive: 1
--- !u!4 &7365471570242507115
Transform:
  m_ObjectHideFlags: 0
  m_CorrespondingSourceObject: {fileID: 0}
  m_PrefabInstance: {fileID: 0}
  m_PrefabAsset: {fileID: 0}
  m_GameObject: {fileID: 7359546737092156663}
  m_LocalRotation: {x: -0.7071068, y: 0, z: -0, w: 0.7071068}
  m_LocalPosition: {x: -0.086008646, y: 0.19023557, z: 0.0050746114}
  m_LocalScale: {x: 1, y: 1, z: 1}
  m_Children: []
  m_Father: {fileID: 7365496679339199527}
  m_RootOrder: 6
  m_LocalEulerAnglesHint: {x: 0, y: 0, z: 0}
--- !u!137 &7476070831013885397
SkinnedMeshRenderer:
  m_ObjectHideFlags: 0
  m_CorrespondingSourceObject: {fileID: 0}
  m_PrefabInstance: {fileID: 0}
  m_PrefabAsset: {fileID: 0}
  m_GameObject: {fileID: 7359546737092156663}
  m_Enabled: 1
  m_CastShadows: 1
  m_ReceiveShadows: 1
  m_DynamicOccludee: 1
  m_MotionVectors: 1
  m_LightProbeUsage: 1
  m_ReflectionProbeUsage: 1
  m_RenderingLayerMask: 1
  m_RendererPriority: 0
  m_Materials:
  - {fileID: 2100000, guid: 5e804927f0664c540a2d7dcd994c09a9, type: 2}
  m_StaticBatchInfo:
    firstSubMesh: 0
    subMeshCount: 0
  m_StaticBatchRoot: {fileID: 0}
  m_ProbeAnchor: {fileID: 0}
  m_LightProbeVolumeOverride: {fileID: 0}
  m_ScaleInLightmap: 1
  m_PreserveUVs: 0
  m_IgnoreNormalsForChartDetection: 0
  m_ImportantGI: 0
  m_StitchLightmapSeams: 0
  m_SelectedEditorRenderState: 3
  m_MinimumChartSize: 4
  m_AutoUVMaxDistance: 0.5
  m_AutoUVMaxAngle: 89
  m_LightmapParameters: {fileID: 0}
  m_SortingLayerID: 0
  m_SortingLayer: 0
  m_SortingOrder: 0
  serializedVersion: 2
  m_Quality: 0
  m_UpdateWhenOffscreen: 0
  m_SkinnedMotionVectors: 1
  m_Mesh: {fileID: 4300008, guid: a123bc3d048b39640a6552bd9a5ebc6d, type: 3}
  m_Bones:
  - {fileID: 7361355657922441419}
  - {fileID: 7365300600256537613}
  - {fileID: 7361186413435964891}
  - {fileID: 7361231816670334899}
  - {fileID: 7365404522138115249}
  - {fileID: 7365546290701567685}
  - {fileID: 7361230024586734087}
  - {fileID: 7361446081447286831}
  - {fileID: 7361471174107119325}
  - {fileID: 7365156482642110955}
  - {fileID: 7365613430500744875}
  - {fileID: 7361488291042597331}
  - {fileID: 7361554491901918805}
  - {fileID: 7361234935884406199}
  - {fileID: 7361223850562103275}
  - {fileID: 7365540932481312283}
  - {fileID: 7365405548698169733}
  - {fileID: 7365608524049747421}
  - {fileID: 7365189250464126299}
  - {fileID: 7361470802696288525}
  m_BlendShapeWeights: []
  m_RootBone: {fileID: 7365546290701567685}
  m_AABB:
    m_Center: {x: 0.72715354, y: 0.017123453, z: 0.08772695}
    m_Extent: {x: 0.20349991, y: 0.17313397, z: 0.071707964}
  m_DirtyAABB: 0
--- !u!1 &7359569284646462727
GameObject:
  m_ObjectHideFlags: 0
  m_CorrespondingSourceObject: {fileID: 0}
  m_PrefabInstance: {fileID: 0}
  m_PrefabAsset: {fileID: 0}
  serializedVersion: 6
  m_Component:
  - component: {fileID: 7361471174107119325}
  m_Layer: 12
  m_Name: Base Human001RCalf
  m_TagString: Untagged
  m_Icon: {fileID: 0}
  m_NavMeshLayer: 0
  m_StaticEditorFlags: 0
  m_IsActive: 1
--- !u!4 &7361471174107119325
Transform:
  m_ObjectHideFlags: 0
  m_CorrespondingSourceObject: {fileID: 0}
  m_PrefabInstance: {fileID: 0}
  m_PrefabAsset: {fileID: 0}
  m_GameObject: {fileID: 7359569284646462727}
  m_LocalRotation: {x: -0.00003356855, y: -0.000012698197, z: 0.00009951697, w: 1}
  m_LocalPosition: {x: -0.44536215, y: 0.0000006437302, z: 0.00000022888183}
  m_LocalScale: {x: 1, y: 1, z: 1}
  m_Children:
  - {fileID: 7365156482642110955}
  m_Father: {fileID: 7361446081447286831}
  m_RootOrder: 0
  m_LocalEulerAnglesHint: {x: 0, y: 0, z: 0}
--- !u!1 &7359594054616567853
GameObject:
  m_ObjectHideFlags: 0
  m_CorrespondingSourceObject: {fileID: 0}
  m_PrefabInstance: {fileID: 0}
  m_PrefabAsset: {fileID: 0}
  serializedVersion: 6
  m_Component:
  - component: {fileID: 7361583877613922831}
  m_Layer: 12
  m_Name: Base Human001RCollarbone
  m_TagString: Untagged
  m_Icon: {fileID: 0}
  m_NavMeshLayer: 0
  m_StaticEditorFlags: 0
  m_IsActive: 1
--- !u!4 &7361583877613922831
Transform:
  m_ObjectHideFlags: 0
  m_CorrespondingSourceObject: {fileID: 0}
  m_PrefabInstance: {fileID: 0}
  m_PrefabAsset: {fileID: 0}
  m_GameObject: {fileID: 7359594054616567853}
  m_LocalRotation: {x: -0.19978157, y: -0.56440496, z: 0.24927048, w: 0.76118237}
  m_LocalPosition: {x: 0.02657341, y: 0.086815104, z: -0.015056415}
  m_LocalScale: {x: 1, y: 1, z: 1}
  m_Children:
  - {fileID: 7365382040197972551}
  m_Father: {fileID: 7361223850562103275}
  m_RootOrder: 2
  m_LocalEulerAnglesHint: {x: 0, y: 0, z: 0}
--- !u!1 &7359598378997926843
GameObject:
  m_ObjectHideFlags: 0
  m_CorrespondingSourceObject: {fileID: 0}
  m_PrefabInstance: {fileID: 0}
  m_PrefabAsset: {fileID: 0}
  serializedVersion: 6
  m_Component:
  - component: {fileID: 7361192803345930941}
  m_Layer: 12
  m_Name: Base Human001LDigit22
  m_TagString: Untagged
  m_Icon: {fileID: 0}
  m_NavMeshLayer: 0
  m_StaticEditorFlags: 0
  m_IsActive: 1
--- !u!4 &7361192803345930941
Transform:
  m_ObjectHideFlags: 0
  m_CorrespondingSourceObject: {fileID: 0}
  m_PrefabInstance: {fileID: 0}
  m_PrefabAsset: {fileID: 0}
  m_GameObject: {fileID: 7359598378997926843}
  m_LocalRotation: {x: -0.00000042834475, y: 0.000003855574, z: 0.019287001, w: 0.999814}
  m_LocalPosition: {x: -0.027604409, y: -0.000000114440915, z: 0.00000020742416}
  m_LocalScale: {x: 1.000002, y: 1, z: 0.999998}
  m_Children:
  - {fileID: 7365158175022364419}
  m_Father: {fileID: 7361404665326513477}
  m_RootOrder: 0
  m_LocalEulerAnglesHint: {x: 0, y: 0, z: 0}
--- !u!1 &7359606645016774303
GameObject:
  m_ObjectHideFlags: 0
  m_CorrespondingSourceObject: {fileID: 0}
  m_PrefabInstance: {fileID: 0}
  m_PrefabAsset: {fileID: 0}
  serializedVersion: 6
  m_Component:
  - component: {fileID: 7365244171868567379}
  m_Layer: 12
  m_Name: Base Human001RPalm
  m_TagString: Untagged
  m_Icon: {fileID: 0}
  m_NavMeshLayer: 0
  m_StaticEditorFlags: 0
  m_IsActive: 1
--- !u!4 &7365244171868567379
Transform:
  m_ObjectHideFlags: 0
  m_CorrespondingSourceObject: {fileID: 0}
  m_PrefabInstance: {fileID: 0}
  m_PrefabAsset: {fileID: 0}
  m_GameObject: {fileID: 7359606645016774303}
  m_LocalRotation: {x: 0.730905, y: -0.0001695433, z: 0.09238714, w: 0.6761971}
  m_LocalPosition: {x: -0.24885583, y: -0.00000082969666, z: 0}
  m_LocalScale: {x: 1.000001, y: 1, z: 1}
  m_Children:
  - {fileID: 7361369352433349845}
  - {fileID: 7361259495011754729}
  - {fileID: 7365134561749328527}
  - {fileID: 7361164627365128141}
  - {fileID: 7365233846508179773}
  m_Father: {fileID: 7365263780643261171}
  m_RootOrder: 0
  m_LocalEulerAnglesHint: {x: 0, y: 0, z: 0}
--- !u!1 &7359630333589991349
GameObject:
  m_ObjectHideFlags: 0
  m_CorrespondingSourceObject: {fileID: 0}
  m_PrefabInstance: {fileID: 0}
  m_PrefabAsset: {fileID: 0}
  serializedVersion: 6
  m_Component:
  - component: {fileID: 7365382040197972551}
  m_Layer: 12
  m_Name: Base Human001RUpperarm
  m_TagString: Untagged
  m_Icon: {fileID: 0}
  m_NavMeshLayer: 0
  m_StaticEditorFlags: 0
  m_IsActive: 1
--- !u!4 &7365382040197972551
Transform:
  m_ObjectHideFlags: 0
  m_CorrespondingSourceObject: {fileID: 0}
  m_PrefabInstance: {fileID: 0}
  m_PrefabAsset: {fileID: 0}
  m_GameObject: {fileID: 7359630333589991349}
  m_LocalRotation: {x: -0.015033427, y: -0.201799, z: -0.28855485, w: 0.93583506}
  m_LocalPosition: {x: -0.15892747, y: -0.000000057220458, z: 0.000000114440915}
  m_LocalScale: {x: 1, y: 1, z: 1}
  m_Children:
  - {fileID: 7365263780643261171}
  m_Father: {fileID: 7361583877613922831}
  m_RootOrder: 0
  m_LocalEulerAnglesHint: {x: 0, y: 0, z: 0}
--- !u!1 &7359649699697825761
GameObject:
  m_ObjectHideFlags: 0
  m_CorrespondingSourceObject: {fileID: 0}
  m_PrefabInstance: {fileID: 0}
  m_PrefabAsset: {fileID: 0}
  serializedVersion: 6
  m_Component:
  - component: {fileID: 7361493804613392023}
  m_Layer: 12
  m_Name: Base Human001LDigit52
  m_TagString: Untagged
  m_Icon: {fileID: 0}
  m_NavMeshLayer: 0
  m_StaticEditorFlags: 0
  m_IsActive: 1
--- !u!4 &7361493804613392023
Transform:
  m_ObjectHideFlags: 0
  m_CorrespondingSourceObject: {fileID: 0}
  m_PrefabInstance: {fileID: 0}
  m_PrefabAsset: {fileID: 0}
  m_GameObject: {fileID: 7359649699697825761}
  m_LocalRotation: {x: 0.013673747, y: 0.0000038497965, z: 0.0000006328729, w: 0.99990654}
  m_LocalPosition: {x: -0.026911039, y: -0.000000114440915, z: 0.0000002002716}
  m_LocalScale: {x: 0.999998, y: 1, z: 1.000002}
  m_Children:
  - {fileID: 7365309104402941993}
  m_Father: {fileID: 7365109751656871479}
  m_RootOrder: 0
  m_LocalEulerAnglesHint: {x: 0, y: 0, z: 0}
--- !u!1 &7359656590639304479
GameObject:
  m_ObjectHideFlags: 0
  m_CorrespondingSourceObject: {fileID: 0}
  m_PrefabInstance: {fileID: 0}
  m_PrefabAsset: {fileID: 0}
  serializedVersion: 6
  m_Component:
  - component: {fileID: 7361490313285753793}
  m_Layer: 12
  m_Name: Base Human001RDigit13
  m_TagString: Untagged
  m_Icon: {fileID: 0}
  m_NavMeshLayer: 0
  m_StaticEditorFlags: 0
  m_IsActive: 1
--- !u!4 &7361490313285753793
Transform:
  m_ObjectHideFlags: 0
  m_CorrespondingSourceObject: {fileID: 0}
  m_PrefabInstance: {fileID: 0}
  m_PrefabAsset: {fileID: 0}
  m_GameObject: {fileID: 7359656590639304479}
  m_LocalRotation: {x: -0.0000015348205, y: 0.0000009983809, z: 0.000001981868, w: 1}
  m_LocalPosition: {x: -0.027196655, y: -0.000000114440915, z: 0}
  m_LocalScale: {x: 0.999994, y: 1.000001, z: 1.000006}
  m_Children: []
  m_Father: {fileID: 7361489166808346375}
  m_RootOrder: 0
  m_LocalEulerAnglesHint: {x: 0, y: 0, z: 0}
--- !u!1 &7359675647737897829
GameObject:
  m_ObjectHideFlags: 0
  m_CorrespondingSourceObject: {fileID: 0}
  m_PrefabInstance: {fileID: 0}
  m_PrefabAsset: {fileID: 0}
  serializedVersion: 6
  m_Component:
  - component: {fileID: 7365233846508179773}
  m_Layer: 12
  m_Name: Base Human001RDigit51
  m_TagString: Untagged
  m_Icon: {fileID: 0}
  m_NavMeshLayer: 0
  m_StaticEditorFlags: 0
  m_IsActive: 1
--- !u!4 &7365233846508179773
Transform:
  m_ObjectHideFlags: 0
  m_CorrespondingSourceObject: {fileID: 0}
  m_PrefabInstance: {fileID: 0}
  m_PrefabAsset: {fileID: 0}
  m_GameObject: {fileID: 7359675647737897829}
  m_LocalRotation: {x: 0.08272638, y: 0.06476082, z: 0.077101566, w: 0.99147254}
  m_LocalPosition: {x: -0.08527605, y: -0.0086105345, z: 0.039302688}
  m_LocalScale: {x: 1.000002, y: 1, z: 0.999998}
  m_Children:
  - {fileID: 7361352543095777457}
  m_Father: {fileID: 7365244171868567379}
  m_RootOrder: 4
  m_LocalEulerAnglesHint: {x: 0, y: 0, z: 0}
--- !u!1 &7359721507758143959
GameObject:
  m_ObjectHideFlags: 0
  m_CorrespondingSourceObject: {fileID: 0}
  m_PrefabInstance: {fileID: 0}
  m_PrefabAsset: {fileID: 0}
  serializedVersion: 6
  m_Component:
  - component: {fileID: 7365309104402941993}
  m_Layer: 12
  m_Name: Base Human001LDigit53
  m_TagString: Untagged
  m_Icon: {fileID: 0}
  m_NavMeshLayer: 0
  m_StaticEditorFlags: 0
  m_IsActive: 1
--- !u!4 &7365309104402941993
Transform:
  m_ObjectHideFlags: 0
  m_CorrespondingSourceObject: {fileID: 0}
  m_PrefabInstance: {fileID: 0}
  m_PrefabAsset: {fileID: 0}
  m_GameObject: {fileID: 7359721507758143959}
  m_LocalRotation: {x: 0.013673767, y: 0.000003866995, z: 0.0000005283196, w: 0.99990654}
  m_LocalPosition: {x: -0.023020048, y: -0.00000022888183, z: 0.0000002002716}
  m_LocalScale: {x: 0.999998, y: 1, z: 1.000002}
  m_Children: []
  m_Father: {fileID: 7361493804613392023}
  m_RootOrder: 0
  m_LocalEulerAnglesHint: {x: 0, y: 0, z: 0}
--- !u!1 &7359725883638256487
GameObject:
  m_ObjectHideFlags: 0
  m_CorrespondingSourceObject: {fileID: 0}
  m_PrefabInstance: {fileID: 0}
  m_PrefabAsset: {fileID: 0}
  serializedVersion: 6
  m_Component:
  - component: {fileID: 7361352543095777457}
  m_Layer: 12
  m_Name: Base Human001RDigit52
  m_TagString: Untagged
  m_Icon: {fileID: 0}
  m_NavMeshLayer: 0
  m_StaticEditorFlags: 0
  m_IsActive: 1
--- !u!4 &7361352543095777457
Transform:
  m_ObjectHideFlags: 0
  m_CorrespondingSourceObject: {fileID: 0}
  m_PrefabInstance: {fileID: 0}
  m_PrefabAsset: {fileID: 0}
  m_GameObject: {fileID: 7359725883638256487}
  m_LocalRotation: {x: -0.013674813, y: 0.0000037804332, z: -0.0000007381322, w: 0.99990654}
  m_LocalPosition: {x: -0.026911153, y: 0.000000114440915, z: 0.0000002002716}
  m_LocalScale: {x: 1.000002, y: 1, z: 0.999998}
  m_Children:
  - {fileID: 7365083467131846599}
  m_Father: {fileID: 7365233846508179773}
  m_RootOrder: 0
  m_LocalEulerAnglesHint: {x: 0, y: 0, z: 0}
--- !u!1 &7359750571446198717
GameObject:
  m_ObjectHideFlags: 0
  m_CorrespondingSourceObject: {fileID: 0}
  m_PrefabInstance: {fileID: 0}
  m_PrefabAsset: {fileID: 0}
  serializedVersion: 6
  m_Component:
  - component: {fileID: 7365109751656871479}
  m_Layer: 12
  m_Name: Base Human001LDigit51
  m_TagString: Untagged
  m_Icon: {fileID: 0}
  m_NavMeshLayer: 0
  m_StaticEditorFlags: 0
  m_IsActive: 1
--- !u!4 &7365109751656871479
Transform:
  m_ObjectHideFlags: 0
  m_CorrespondingSourceObject: {fileID: 0}
  m_PrefabInstance: {fileID: 0}
  m_PrefabAsset: {fileID: 0}
  m_GameObject: {fileID: 7359750571446198717}
  m_LocalRotation: {x: -0.08272802, y: -0.064753294, z: 0.07710227, w: 0.99147284}
  m_LocalPosition: {x: -0.08527531, y: -0.00861042, z: -0.039301362}
  m_LocalScale: {x: 0.999998, y: 1, z: 1.000002}
  m_Children:
  - {fileID: 7361493804613392023}
  m_Father: {fileID: 7365189250464126299}
  m_RootOrder: 4
  m_LocalEulerAnglesHint: {x: 0, y: 0, z: 0}
--- !u!1 &7359764013039475165
GameObject:
  m_ObjectHideFlags: 0
  m_CorrespondingSourceObject: {fileID: 0}
  m_PrefabInstance: {fileID: 0}
  m_PrefabAsset: {fileID: 0}
  serializedVersion: 6
  m_Component:
  - component: {fileID: 7365300600256537613}
  m_Layer: 12
  m_Name: Base Human001LFoot
  m_TagString: Untagged
  m_Icon: {fileID: 0}
  m_NavMeshLayer: 0
  m_StaticEditorFlags: 0
  m_IsActive: 1
--- !u!4 &7365300600256537613
Transform:
  m_ObjectHideFlags: 0
  m_CorrespondingSourceObject: {fileID: 0}
  m_PrefabInstance: {fileID: 0}
  m_PrefabAsset: {fileID: 0}
  m_GameObject: {fileID: 7359764013039475165}
  m_LocalRotation: {x: -0.027220402, y: -0.029888146, z: -0.7484362, w: 0.66197354}
  m_LocalPosition: {x: -0.44386947, y: 0.000000007152557, z: 0}
  m_LocalScale: {x: 1, y: 0.999978, z: 1.000001}
  m_Children:
  - {fileID: 7361186413435964891}
  m_Father: {fileID: 7361355657922441419}
  m_RootOrder: 0
  m_LocalEulerAnglesHint: {x: 0, y: 0, z: 0}
--- !u!1 &7359801574931959453
GameObject:
  m_ObjectHideFlags: 0
  m_CorrespondingSourceObject: {fileID: 0}
  m_PrefabInstance: {fileID: 0}
  m_PrefabAsset: {fileID: 0}
  serializedVersion: 6
  m_Component:
  - component: {fileID: 7361231816670334899}
  m_Layer: 12
  m_Name: Base Human001LThigh
  m_TagString: Untagged
  m_Icon: {fileID: 0}
  m_NavMeshLayer: 0
  m_StaticEditorFlags: 0
  m_IsActive: 1
--- !u!4 &7361231816670334899
Transform:
  m_ObjectHideFlags: 0
  m_CorrespondingSourceObject: {fileID: 0}
  m_PrefabInstance: {fileID: 0}
  m_PrefabAsset: {fileID: 0}
  m_GameObject: {fileID: 7359801574931959453}
  m_LocalRotation: {x: 0.06547737, y: 0.9978323, z: -0.005117692, w: -0.0041583413}
  m_LocalPosition: {x: -0.016830998, y: 0.045891095, z: 0.08598911}
  m_LocalScale: {x: 1.000021, y: 1, z: 1}
  m_Children:
  - {fileID: 7361355657922441419}
  m_Father: {fileID: 7365546290701567685}
  m_RootOrder: 0
  m_LocalEulerAnglesHint: {x: 0, y: 0, z: 0}
--- !u!1 &7359803473693497315
GameObject:
  m_ObjectHideFlags: 0
  m_CorrespondingSourceObject: {fileID: 0}
  m_PrefabInstance: {fileID: 0}
  m_PrefabAsset: {fileID: 0}
  serializedVersion: 6
  m_Component:
  - component: {fileID: 7361421850010418161}
  - component: {fileID: 7476369379897891225}
  m_Layer: 12
  m_Name: RFoot
  m_TagString: Untagged
  m_Icon: {fileID: 0}
  m_NavMeshLayer: 0
  m_StaticEditorFlags: 0
  m_IsActive: 1
--- !u!4 &7361421850010418161
Transform:
  m_ObjectHideFlags: 0
  m_CorrespondingSourceObject: {fileID: 0}
  m_PrefabInstance: {fileID: 0}
  m_PrefabAsset: {fileID: 0}
  m_GameObject: {fileID: 7359803473693497315}
  m_LocalRotation: {x: -0.7071068, y: 0, z: -0, w: 0.7071068}
  m_LocalPosition: {x: 0.08348234, y: 0.19248085, z: 0.005523921}
  m_LocalScale: {x: 1, y: 1, z: 1}
  m_Children: []
  m_Father: {fileID: 7365496679339199527}
  m_RootOrder: 11
  m_LocalEulerAnglesHint: {x: 0, y: 0, z: 0}
--- !u!137 &7476369379897891225
SkinnedMeshRenderer:
  m_ObjectHideFlags: 0
  m_CorrespondingSourceObject: {fileID: 0}
  m_PrefabInstance: {fileID: 0}
  m_PrefabAsset: {fileID: 0}
  m_GameObject: {fileID: 7359803473693497315}
  m_Enabled: 1
  m_CastShadows: 1
  m_ReceiveShadows: 1
  m_DynamicOccludee: 1
  m_MotionVectors: 1
  m_LightProbeUsage: 1
  m_ReflectionProbeUsage: 1
  m_RenderingLayerMask: 1
  m_RendererPriority: 0
  m_Materials:
  - {fileID: 2100000, guid: 5e804927f0664c540a2d7dcd994c09a9, type: 2}
  m_StaticBatchInfo:
    firstSubMesh: 0
    subMeshCount: 0
  m_StaticBatchRoot: {fileID: 0}
  m_ProbeAnchor: {fileID: 0}
  m_LightProbeVolumeOverride: {fileID: 0}
  m_ScaleInLightmap: 1
  m_PreserveUVs: 0
  m_IgnoreNormalsForChartDetection: 0
  m_ImportantGI: 0
  m_StitchLightmapSeams: 0
  m_SelectedEditorRenderState: 3
  m_MinimumChartSize: 4
  m_AutoUVMaxDistance: 0.5
  m_AutoUVMaxAngle: 89
  m_LightmapParameters: {fileID: 0}
  m_SortingLayerID: 0
  m_SortingLayer: 0
  m_SortingOrder: 0
  serializedVersion: 2
  m_Quality: 0
  m_UpdateWhenOffscreen: 0
  m_SkinnedMotionVectors: 1
  m_Mesh: {fileID: 4300012, guid: a123bc3d048b39640a6552bd9a5ebc6d, type: 3}
  m_Bones:
  - {fileID: 7361471174107119325}
  - {fileID: 7365156482642110955}
  - {fileID: 7365613430500744875}
  - {fileID: 7361355657922441419}
  - {fileID: 7365404522138115249}
  - {fileID: 7361186413435964891}
  - {fileID: 7361446081447286831}
  - {fileID: 7365546290701567685}
  - {fileID: 7365300600256537613}
  - {fileID: 7361231816670334899}
  - {fileID: 7361230024586734087}
  - {fileID: 7361488291042597331}
  - {fileID: 7361554491901918805}
  - {fileID: 7361234935884406199}
  - {fileID: 7361223850562103275}
  - {fileID: 7365540932481312283}
  - {fileID: 7365405548698169733}
  - {fileID: 7365608524049747421}
  - {fileID: 7365189250464126299}
  - {fileID: 7361470802696288525}
  m_BlendShapeWeights: []
  m_RootBone: {fileID: 7365546290701567685}
  m_AABB:
    m_Center: {x: 0.72137475, y: 0.016727574, z: -0.085101575}
    m_Extent: {x: 0.20934701, y: 0.17265317, z: 0.07420331}
  m_DirtyAABB: 0
--- !u!1 &7359814647788042349
GameObject:
  m_ObjectHideFlags: 0
  m_CorrespondingSourceObject: {fileID: 0}
  m_PrefabInstance: {fileID: 0}
  m_PrefabAsset: {fileID: 0}
  serializedVersion: 6
  m_Component:
  - component: {fileID: 7365540932481312283}
  m_Layer: 12
  m_Name: Base Human001LCollarbone
  m_TagString: Untagged
  m_Icon: {fileID: 0}
  m_NavMeshLayer: 0
  m_StaticEditorFlags: 0
  m_IsActive: 1
--- !u!4 &7365540932481312283
Transform:
  m_ObjectHideFlags: 0
  m_CorrespondingSourceObject: {fileID: 0}
  m_PrefabInstance: {fileID: 0}
  m_PrefabAsset: {fileID: 0}
  m_GameObject: {fileID: 7359814647788042349}
  m_LocalRotation: {x: 0.19978088, y: 0.56440514, z: 0.24927074, w: 0.7611823}
  m_LocalPosition: {x: 0.02657341, y: 0.08681511, z: 0.015056415}
  m_LocalScale: {x: 1, y: 1, z: 1}
  m_Children:
  - {fileID: 7365405548698169733}
  m_Father: {fileID: 7361223850562103275}
  m_RootOrder: 0
  m_LocalEulerAnglesHint: {x: 0, y: 0, z: 0}
--- !u!1 &7359842278222258891
GameObject:
  m_ObjectHideFlags: 0
  m_CorrespondingSourceObject: {fileID: 0}
  m_PrefabInstance: {fileID: 0}
  m_PrefabAsset: {fileID: 0}
  serializedVersion: 6
  m_Component:
  - component: {fileID: 7361405486171661207}
  - component: {fileID: 7479949245519586817}
  m_Layer: 12
  m_Name: RKnee
  m_TagString: Untagged
  m_Icon: {fileID: 0}
  m_NavMeshLayer: 0
  m_StaticEditorFlags: 0
  m_IsActive: 1
--- !u!4 &7361405486171661207
Transform:
  m_ObjectHideFlags: 0
  m_CorrespondingSourceObject: {fileID: 0}
  m_PrefabInstance: {fileID: 0}
  m_PrefabAsset: {fileID: 0}
  m_GameObject: {fileID: 7359842278222258891}
  m_LocalRotation: {x: -0.7071068, y: 0, z: -0, w: 0.7071068}
  m_LocalPosition: {x: 0.08989969, y: 0.5403445, z: -0.03694896}
  m_LocalScale: {x: 1, y: 1, z: 1}
  m_Children: []
  m_Father: {fileID: 7365496679339199527}
  m_RootOrder: 13
  m_LocalEulerAnglesHint: {x: 0, y: 0, z: 0}
--- !u!137 &7479949245519586817
SkinnedMeshRenderer:
  m_ObjectHideFlags: 0
  m_CorrespondingSourceObject: {fileID: 0}
  m_PrefabInstance: {fileID: 0}
  m_PrefabAsset: {fileID: 0}
  m_GameObject: {fileID: 7359842278222258891}
  m_Enabled: 1
  m_CastShadows: 1
  m_ReceiveShadows: 1
  m_DynamicOccludee: 1
  m_MotionVectors: 1
  m_LightProbeUsage: 1
  m_ReflectionProbeUsage: 1
  m_RenderingLayerMask: 1
  m_RendererPriority: 0
  m_Materials:
  - {fileID: 2100000, guid: 5e804927f0664c540a2d7dcd994c09a9, type: 2}
  m_StaticBatchInfo:
    firstSubMesh: 0
    subMeshCount: 0
  m_StaticBatchRoot: {fileID: 0}
  m_ProbeAnchor: {fileID: 0}
  m_LightProbeVolumeOverride: {fileID: 0}
  m_ScaleInLightmap: 1
  m_PreserveUVs: 0
  m_IgnoreNormalsForChartDetection: 0
  m_ImportantGI: 0
  m_StitchLightmapSeams: 0
  m_SelectedEditorRenderState: 3
  m_MinimumChartSize: 4
  m_AutoUVMaxDistance: 0.5
  m_AutoUVMaxAngle: 89
  m_LightmapParameters: {fileID: 0}
  m_SortingLayerID: 0
  m_SortingLayer: 0
  m_SortingOrder: 0
  serializedVersion: 2
  m_Quality: 0
  m_UpdateWhenOffscreen: 0
  m_SkinnedMotionVectors: 1
  m_Mesh: {fileID: 4300010, guid: a123bc3d048b39640a6552bd9a5ebc6d, type: 3}
  m_Bones:
  - {fileID: 7361471174107119325}
  - {fileID: 7361446081447286831}
  - {fileID: 7361231816670334899}
  - {fileID: 7361355657922441419}
  - {fileID: 7365300600256537613}
  - {fileID: 7361186413435964891}
  - {fileID: 7365404522138115249}
  - {fileID: 7365546290701567685}
  - {fileID: 7361230024586734087}
  - {fileID: 7365156482642110955}
  - {fileID: 7365613430500744875}
  - {fileID: 7361488291042597331}
  - {fileID: 7361554491901918805}
  - {fileID: 7361234935884406199}
  - {fileID: 7361223850562103275}
  - {fileID: 7365540932481312283}
  - {fileID: 7365405548698169733}
  - {fileID: 7365608524049747421}
  - {fileID: 7365189250464126299}
  - {fileID: 7361470802696288525}
  m_BlendShapeWeights: []
  m_RootBone: {fileID: 7365546290701567685}
  m_AABB:
    m_Center: {x: 0.36945528, y: -0.003373593, z: -0.08878564}
    m_Extent: {x: 0.18525966, y: 0.10722543, z: 0.07716843}
  m_DirtyAABB: 0
--- !u!1 &7359844101820094315
GameObject:
  m_ObjectHideFlags: 0
  m_CorrespondingSourceObject: {fileID: 0}
  m_PrefabInstance: {fileID: 0}
  m_PrefabAsset: {fileID: 0}
  serializedVersion: 6
  m_Component:
  - component: {fileID: 7365171839928708529}
  m_Layer: 12
  m_Name: Base Human001RDigit43
  m_TagString: Untagged
  m_Icon: {fileID: 0}
  m_NavMeshLayer: 0
  m_StaticEditorFlags: 0
  m_IsActive: 1
--- !u!4 &7365171839928708529
Transform:
  m_ObjectHideFlags: 0
  m_CorrespondingSourceObject: {fileID: 0}
  m_PrefabInstance: {fileID: 0}
  m_PrefabAsset: {fileID: 0}
  m_GameObject: {fileID: 7359844101820094315}
  m_LocalRotation: {x: -0.00000051781404, y: 0.000003995371, z: -0.0000003427244,
    w: 1}
  m_LocalPosition: {x: -0.026205739, y: 0, z: 0.00000020742416}
  m_LocalScale: {x: 1.000001, y: 1, z: 1}
  m_Children: []
  m_Father: {fileID: 7361641949065410473}
  m_RootOrder: 0
  m_LocalEulerAnglesHint: {x: 0, y: 0, z: 0}
--- !u!1 &7359849535369598283
GameObject:
  m_ObjectHideFlags: 0
  m_CorrespondingSourceObject: {fileID: 0}
  m_PrefabInstance: {fileID: 0}
  m_PrefabAsset: {fileID: 0}
  serializedVersion: 6
  m_Component:
  - component: {fileID: 7365281838815381747}
  - component: {fileID: 7480412362307614031}
  m_Layer: 12
  m_Name: Head
  m_TagString: Untagged
  m_Icon: {fileID: 0}
  m_NavMeshLayer: 0
  m_StaticEditorFlags: 0
  m_IsActive: 1
--- !u!4 &7365281838815381747
Transform:
  m_ObjectHideFlags: 0
  m_CorrespondingSourceObject: {fileID: 0}
  m_PrefabInstance: {fileID: 0}
  m_PrefabAsset: {fileID: 0}
  m_GameObject: {fileID: 7359849535369598283}
  m_LocalRotation: {x: -0.7071068, y: 0, z: -0, w: 0.7071068}
  m_LocalPosition: {x: 0.0012191482, y: 1.6503972, z: -0.005900301}
  m_LocalScale: {x: 1, y: 1, z: 1}
  m_Children: []
  m_Father: {fileID: 7365496679339199527}
  m_RootOrder: 4
  m_LocalEulerAnglesHint: {x: 0, y: 0, z: 0}
--- !u!137 &7480412362307614031
SkinnedMeshRenderer:
  m_ObjectHideFlags: 0
  m_CorrespondingSourceObject: {fileID: 0}
  m_PrefabInstance: {fileID: 0}
  m_PrefabAsset: {fileID: 0}
  m_GameObject: {fileID: 7359849535369598283}
  m_Enabled: 1
  m_CastShadows: 1
  m_ReceiveShadows: 1
  m_DynamicOccludee: 1
  m_MotionVectors: 1
  m_LightProbeUsage: 1
  m_ReflectionProbeUsage: 1
  m_RenderingLayerMask: 1
  m_RendererPriority: 0
  m_Materials:
  - {fileID: 2100000, guid: 5e804927f0664c540a2d7dcd994c09a9, type: 2}
  m_StaticBatchInfo:
    firstSubMesh: 0
    subMeshCount: 0
  m_StaticBatchRoot: {fileID: 0}
  m_ProbeAnchor: {fileID: 0}
  m_LightProbeVolumeOverride: {fileID: 0}
  m_ScaleInLightmap: 1
  m_PreserveUVs: 0
  m_IgnoreNormalsForChartDetection: 0
  m_ImportantGI: 0
  m_StitchLightmapSeams: 0
  m_SelectedEditorRenderState: 3
  m_MinimumChartSize: 4
  m_AutoUVMaxDistance: 0.5
  m_AutoUVMaxAngle: 89
  m_LightmapParameters: {fileID: 0}
  m_SortingLayerID: 0
  m_SortingLayer: 0
  m_SortingOrder: 0
  serializedVersion: 2
  m_Quality: 0
  m_UpdateWhenOffscreen: 0
  m_SkinnedMotionVectors: 1
  m_Mesh: {fileID: 4300004, guid: a123bc3d048b39640a6552bd9a5ebc6d, type: 3}
  m_Bones:
  - {fileID: 7365365170680458523}
  - {fileID: 7365106088279794689}
  - {fileID: 7365404522138115249}
  - {fileID: 7361231816670334899}
  - {fileID: 7361355657922441419}
  - {fileID: 7365300600256537613}
  - {fileID: 7361186413435964891}
  - {fileID: 7361446081447286831}
  - {fileID: 7361471174107119325}
  - {fileID: 7365156482642110955}
  - {fileID: 7365613430500744875}
  - {fileID: 7361488291042597331}
  - {fileID: 7361554491901918805}
  - {fileID: 7361234935884406199}
  - {fileID: 7361223850562103275}
  - {fileID: 7365540932481312283}
  - {fileID: 7365405548698169733}
  - {fileID: 7365546290701567685}
  - {fileID: 7365189250464126299}
  - {fileID: 7361470802696288525}
  m_BlendShapeWeights: []
  m_RootBone: {fileID: 7365546290701567685}
  m_AABB:
    m_Center: {x: -0.73535454, y: 0.03239088, z: -0.0012191758}
    m_Extent: {x: 0.13943806, y: 0.13311313, z: 0.098571256}
  m_DirtyAABB: 0
--- !u!1 &7359853935504905313
GameObject:
  m_ObjectHideFlags: 0
  m_CorrespondingSourceObject: {fileID: 0}
  m_PrefabInstance: {fileID: 0}
  m_PrefabAsset: {fileID: 0}
  serializedVersion: 6
  m_Component:
  - component: {fileID: 7361641949065410473}
  m_Layer: 12
  m_Name: Base Human001RDigit42
  m_TagString: Untagged
  m_Icon: {fileID: 0}
  m_NavMeshLayer: 0
  m_StaticEditorFlags: 0
  m_IsActive: 1
--- !u!4 &7361641949065410473
Transform:
  m_ObjectHideFlags: 0
  m_CorrespondingSourceObject: {fileID: 0}
  m_PrefabInstance: {fileID: 0}
  m_PrefabAsset: {fileID: 0}
  m_GameObject: {fileID: 7359853935504905313}
  m_LocalRotation: {x: -0.0000024331484, y: -0.000117385986, z: 0.00012239777, w: 1}
  m_LocalPosition: {x: -0.031775005, y: 0, z: 0.00000027179718}
  m_LocalScale: {x: 1.000001, y: 1, z: 1}
  m_Children:
  - {fileID: 7365171839928708529}
  m_Father: {fileID: 7361164627365128141}
  m_RootOrder: 0
  m_LocalEulerAnglesHint: {x: 0, y: 0, z: 0}
--- !u!1 &7359857764390139267
GameObject:
  m_ObjectHideFlags: 0
  m_CorrespondingSourceObject: {fileID: 0}
  m_PrefabInstance: {fileID: 0}
  m_PrefabAsset: {fileID: 0}
  serializedVersion: 6
  m_Component:
  - component: {fileID: 7365286488619247437}
  m_Layer: 12
  m_Name: Base Human001LDigit43
  m_TagString: Untagged
  m_Icon: {fileID: 0}
  m_NavMeshLayer: 0
  m_StaticEditorFlags: 0
  m_IsActive: 1
--- !u!4 &7365286488619247437
Transform:
  m_ObjectHideFlags: 0
  m_CorrespondingSourceObject: {fileID: 0}
  m_PrefabInstance: {fileID: 0}
  m_PrefabAsset: {fileID: 0}
  m_GameObject: {fileID: 7359857764390139267}
  m_LocalRotation: {x: -0.0000005140913, y: 0.000004014934, z: 0.00000029802547, w: 1}
  m_LocalPosition: {x: -0.026205625, y: 0, z: 0.00000021457672}
  m_LocalScale: {x: 0.999999, y: 1, z: 1.000001}
  m_Children: []
  m_Father: {fileID: 7365570034136455157}
  m_RootOrder: 0
  m_LocalEulerAnglesHint: {x: 0, y: 0, z: 0}
--- !u!1 &7359860197579876261
GameObject:
  m_ObjectHideFlags: 0
  m_CorrespondingSourceObject: {fileID: 0}
  m_PrefabInstance: {fileID: 0}
  m_PrefabAsset: {fileID: 0}
  serializedVersion: 6
  m_Component:
  - component: {fileID: 7365106088279794689}
  m_Layer: 12
  m_Name: Base Human001Neck
  m_TagString: Untagged
  m_Icon: {fileID: 0}
  m_NavMeshLayer: 0
  m_StaticEditorFlags: 0
  m_IsActive: 1
--- !u!4 &7365106088279794689
Transform:
  m_ObjectHideFlags: 0
  m_CorrespondingSourceObject: {fileID: 0}
  m_PrefabInstance: {fileID: 0}
  m_PrefabAsset: {fileID: 0}
  m_GameObject: {fileID: 7359860197579876261}
  m_LocalRotation: {x: 7.966521e-15, y: -0.00000001703688, z: -0.11283035, w: 0.99361426}
  m_LocalPosition: {x: -0.000795021, y: -0.003500558, z: -0.0000000067226504}
  m_LocalScale: {x: 1, y: 1, z: 1}
  m_Children:
  - {fileID: 7365365170680458523}
  m_Father: {fileID: 7361223850562103275}
  m_RootOrder: 1
  m_LocalEulerAnglesHint: {x: 0, y: 0, z: 0}
--- !u!1 &7359862435353497187
GameObject:
  m_ObjectHideFlags: 0
  m_CorrespondingSourceObject: {fileID: 0}
  m_PrefabInstance: {fileID: 0}
  m_PrefabAsset: {fileID: 0}
  serializedVersion: 6
  m_Component:
  - component: {fileID: 7361369352433349845}
  m_Layer: 12
  m_Name: Base Human001RDigit11 1
  m_TagString: Untagged
  m_Icon: {fileID: 0}
  m_NavMeshLayer: 0
  m_StaticEditorFlags: 0
  m_IsActive: 1
--- !u!4 &7361369352433349845
Transform:
  m_ObjectHideFlags: 0
  m_CorrespondingSourceObject: {fileID: 0}
  m_PrefabInstance: {fileID: 0}
  m_PrefabAsset: {fileID: 0}
  m_GameObject: {fileID: 7359862435353497187}
  m_LocalRotation: {x: -0.305832, y: -0.34442934, z: 0.17991896, w: 0.8691746}
  m_LocalPosition: {x: -0.025042819, y: -0.008060646, z: -0.031326048}
  m_LocalScale: {x: 0.999994, y: 1.000001, z: 1.000006}
  m_Children:
  - {fileID: 7361489166808346375}
  m_Father: {fileID: 7365244171868567379}
  m_RootOrder: 0
  m_LocalEulerAnglesHint: {x: 0, y: 0, z: 0}
--- !u!1 &7359881360711291597
GameObject:
  m_ObjectHideFlags: 0
  m_CorrespondingSourceObject: {fileID: 0}
  m_PrefabInstance: {fileID: 0}
  m_PrefabAsset: {fileID: 0}
  serializedVersion: 6
  m_Component:
  - component: {fileID: 7365158175022364419}
  m_Layer: 12
  m_Name: Base Human001LDigit23
  m_TagString: Untagged
  m_Icon: {fileID: 0}
  m_NavMeshLayer: 0
  m_StaticEditorFlags: 0
  m_IsActive: 1
--- !u!4 &7365158175022364419
Transform:
  m_ObjectHideFlags: 0
  m_CorrespondingSourceObject: {fileID: 0}
  m_PrefabInstance: {fileID: 0}
  m_PrefabAsset: {fileID: 0}
  m_GameObject: {fileID: 7359881360711291597}
  m_LocalRotation: {x: -0.00000027943253, y: 0.000003862173, z: 0.01928695, w: 0.999814}
  m_LocalPosition: {x: -0.028705815, y: 0, z: 0.00000022172928}
  m_LocalScale: {x: 1.000002, y: 1, z: 0.999998}
  m_Children: []
  m_Father: {fileID: 7361192803345930941}
  m_RootOrder: 0
  m_LocalEulerAnglesHint: {x: 0, y: 0, z: 0}
--- !u!1 &7359883176699135873
GameObject:
  m_ObjectHideFlags: 0
  m_CorrespondingSourceObject: {fileID: 0}
  m_PrefabInstance: {fileID: 0}
  m_PrefabAsset: {fileID: 0}
  serializedVersion: 6
  m_Component:
  - component: {fileID: 7365189250464126299}
  m_Layer: 12
  m_Name: Base Human001LPalm
  m_TagString: Untagged
  m_Icon: {fileID: 0}
  m_NavMeshLayer: 0
  m_StaticEditorFlags: 0
  m_IsActive: 1
--- !u!4 &7365189250464126299
Transform:
  m_ObjectHideFlags: 0
  m_CorrespondingSourceObject: {fileID: 0}
  m_PrefabInstance: {fileID: 0}
  m_PrefabAsset: {fileID: 0}
  m_GameObject: {fileID: 7359883176699135873}
  m_LocalRotation: {x: -0.730903, y: 0.0001737131, z: 0.09238296, w: 0.67619973}
  m_LocalPosition: {x: -0.24885601, y: 0.00000084400176, z: -0.000000114440915}
  m_LocalScale: {x: 1, y: 1, z: 1}
  m_Children:
  - {fileID: 7361470802696288525}
  - {fileID: 7361404665326513477}
  - {fileID: 7361265353256383211}
  - {fileID: 7361537136441251205}
  - {fileID: 7365109751656871479}
  m_Father: {fileID: 7365608524049747421}
  m_RootOrder: 0
  m_LocalEulerAnglesHint: {x: 0, y: 0, z: 0}
--- !u!1 &7359886829712437983
GameObject:
  m_ObjectHideFlags: 0
  m_CorrespondingSourceObject: {fileID: 0}
  m_PrefabInstance: {fileID: 0}
  m_PrefabAsset: {fileID: 0}
  serializedVersion: 6
  m_Component:
  - component: {fileID: 7361178521587090099}
  m_Layer: 12
  m_Name: Base Human001LDigit12
  m_TagString: Untagged
  m_Icon: {fileID: 0}
  m_NavMeshLayer: 0
  m_StaticEditorFlags: 0
  m_IsActive: 1
--- !u!4 &7361178521587090099
Transform:
  m_ObjectHideFlags: 0
  m_CorrespondingSourceObject: {fileID: 0}
  m_PrefabInstance: {fileID: 0}
  m_PrefabAsset: {fileID: 0}
  m_GameObject: {fileID: 7359886829712437983}
  m_LocalRotation: {x: -0.0000014826645, y: 0.0000010058252, z: -0.000002041445, w: 1}
  m_LocalPosition: {x: -0.027197113, y: 0.00000022888183, z: 0.000000114440915}
  m_LocalScale: {x: 1.000006, y: 0.999999, z: 0.999994}
  m_Children:
  - {fileID: 7365248777129581277}
  m_Father: {fileID: 7361470802696288525}
  m_RootOrder: 0
  m_LocalEulerAnglesHint: {x: 0, y: 0, z: 0}
--- !u!1 &7359913544358047721
GameObject:
  m_ObjectHideFlags: 0
  m_CorrespondingSourceObject: {fileID: 0}
  m_PrefabInstance: {fileID: 0}
  m_PrefabAsset: {fileID: 0}
  serializedVersion: 6
  m_Component:
  - component: {fileID: 7365156482642110955}
  m_Layer: 12
  m_Name: Base Human001RFoot
  m_TagString: Untagged
  m_Icon: {fileID: 0}
  m_NavMeshLayer: 0
  m_StaticEditorFlags: 0
  m_IsActive: 1
--- !u!4 &7365156482642110955
Transform:
  m_ObjectHideFlags: 0
  m_CorrespondingSourceObject: {fileID: 0}
  m_PrefabInstance: {fileID: 0}
  m_PrefabAsset: {fileID: 0}
  m_GameObject: {fileID: 7359913544358047721}
  m_LocalRotation: {x: 0.02714485, y: 0.029744867, z: -0.7485302, w: 0.6618769}
  m_LocalPosition: {x: -0.44386953, y: 0.000000007152557, z: 0.000000007152557}
  m_LocalScale: {x: 0.999999, y: 0.999982, z: 0.999998}
  m_Children:
  - {fileID: 7365613430500744875}
  m_Father: {fileID: 7361471174107119325}
  m_RootOrder: 0
  m_LocalEulerAnglesHint: {x: 0, y: 0, z: 0}
--- !u!1 &7359922400989059019
GameObject:
  m_ObjectHideFlags: 0
  m_CorrespondingSourceObject: {fileID: 0}
  m_PrefabInstance: {fileID: 0}
  m_PrefabAsset: {fileID: 0}
  serializedVersion: 6
  m_Component:
  - component: {fileID: 7365608524049747421}
  m_Layer: 12
  m_Name: Base Human001LForearm
  m_TagString: Untagged
  m_Icon: {fileID: 0}
  m_NavMeshLayer: 0
  m_StaticEditorFlags: 0
  m_IsActive: 1
--- !u!4 &7365608524049747421
Transform:
  m_ObjectHideFlags: 0
  m_CorrespondingSourceObject: {fileID: 0}
  m_PrefabInstance: {fileID: 0}
  m_PrefabAsset: {fileID: 0}
  m_GameObject: {fileID: 7359922400989059019}
  m_LocalRotation: {x: 0.07187261, y: -0.05042093, z: -0.067858584, w: 0.9938246}
  m_LocalPosition: {x: -0.32630122, y: 0.0000006866455, z: -0.000000114440915}
  m_LocalScale: {x: 1.000001, y: 1, z: 1}
  m_Children:
  - {fileID: 7365189250464126299}
  m_Father: {fileID: 7365405548698169733}
  m_RootOrder: 0
  m_LocalEulerAnglesHint: {x: 0, y: 0, z: 0}
--- !u!1 &7359975955499178789
GameObject:
  m_ObjectHideFlags: 0
  m_CorrespondingSourceObject: {fileID: 0}
  m_PrefabInstance: {fileID: 0}
  m_PrefabAsset: {fileID: 0}
  serializedVersion: 6
  m_Component:
  - component: {fileID: 7365365170680458523}
  m_Layer: 12
  m_Name: Base Human001Head
  m_TagString: Untagged
  m_Icon: {fileID: 0}
  m_NavMeshLayer: 0
  m_StaticEditorFlags: 0
  m_IsActive: 1
--- !u!4 &7365365170680458523
Transform:
  m_ObjectHideFlags: 0
  m_CorrespondingSourceObject: {fileID: 0}
  m_PrefabInstance: {fileID: 0}
  m_PrefabAsset: {fileID: 0}
  m_GameObject: {fileID: 7359975955499178789}
  m_LocalRotation: {x: -1.4958454e-14, y: 0.00000001703688, z: 0.11283035, w: 0.99361426}
  m_LocalPosition: {x: -0.14312106, y: -0.000000028610229, z: 3.410605e-15}
  m_LocalScale: {x: 1, y: 1, z: 1}
  m_Children: []
  m_Father: {fileID: 7365106088279794689}
  m_RootOrder: 0
  m_LocalEulerAnglesHint: {x: 0, y: 0, z: 0}
--- !u!1 &7360317765319648919
GameObject:
  m_ObjectHideFlags: 0
  m_CorrespondingSourceObject: {fileID: 0}
  m_PrefabInstance: {fileID: 0}
  m_PrefabAsset: {fileID: 0}
  serializedVersion: 6
  m_Component:
  - component: {fileID: 7361495624249229709}
  - component: {fileID: 7480217184490908093}
  m_Layer: 12
  m_Name: Chest
  m_TagString: Untagged
  m_Icon: {fileID: 0}
  m_NavMeshLayer: 0
  m_StaticEditorFlags: 0
  m_IsActive: 1
--- !u!4 &7361495624249229709
Transform:
  m_ObjectHideFlags: 0
  m_CorrespondingSourceObject: {fileID: 0}
  m_PrefabInstance: {fileID: 0}
  m_PrefabAsset: {fileID: 0}
  m_GameObject: {fileID: 7360317765319648919}
  m_LocalRotation: {x: -0.7071068, y: 0, z: -0, w: 0.7071068}
  m_LocalPosition: {x: 0.00000041313177, y: 1.3328602, z: -0.006310121}
  m_LocalScale: {x: 1, y: 1, z: 1}
  m_Children: []
  m_Father: {fileID: 7365496679339199527}
  m_RootOrder: 3
  m_LocalEulerAnglesHint: {x: 0, y: 0, z: 0}
--- !u!137 &7480217184490908093
SkinnedMeshRenderer:
  m_ObjectHideFlags: 0
  m_CorrespondingSourceObject: {fileID: 0}
  m_PrefabInstance: {fileID: 0}
  m_PrefabAsset: {fileID: 0}
  m_GameObject: {fileID: 7360317765319648919}
  m_Enabled: 1
  m_CastShadows: 1
  m_ReceiveShadows: 1
  m_DynamicOccludee: 1
  m_MotionVectors: 1
  m_LightProbeUsage: 1
  m_ReflectionProbeUsage: 1
  m_RenderingLayerMask: 1
  m_RendererPriority: 0
  m_Materials:
  - {fileID: 2100000, guid: 5e804927f0664c540a2d7dcd994c09a9, type: 2}
  m_StaticBatchInfo:
    firstSubMesh: 0
    subMeshCount: 0
  m_StaticBatchRoot: {fileID: 0}
  m_ProbeAnchor: {fileID: 0}
  m_LightProbeVolumeOverride: {fileID: 0}
  m_ScaleInLightmap: 1
  m_PreserveUVs: 0
  m_IgnoreNormalsForChartDetection: 0
  m_ImportantGI: 0
  m_StitchLightmapSeams: 0
  m_SelectedEditorRenderState: 3
  m_MinimumChartSize: 4
  m_AutoUVMaxDistance: 0.5
  m_AutoUVMaxAngle: 89
  m_LightmapParameters: {fileID: 0}
  m_SortingLayerID: 0
  m_SortingLayer: 0
  m_SortingOrder: 0
  serializedVersion: 2
  m_Quality: 0
  m_UpdateWhenOffscreen: 0
  m_SkinnedMotionVectors: 1
  m_Mesh: {fileID: 4300000, guid: a123bc3d048b39640a6552bd9a5ebc6d, type: 3}
  m_Bones:
  - {fileID: 7361234935884406199}
  - {fileID: 7361554491901918805}
  - {fileID: 7361583877613922831}
  - {fileID: 7361223850562103275}
  - {fileID: 7365106088279794689}
  - {fileID: 7365382040197972551}
  - {fileID: 7361488291042597331}
  - {fileID: 7365540932481312283}
  - {fileID: 7365405548698169733}
  - {fileID: 7365613430500744875}
  - {fileID: 7361471174107119325}
  - {fileID: 7365300600256537613}
  - {fileID: 7361355657922441419}
  - {fileID: 7361231816670334899}
  - {fileID: 7361446081447286831}
  - {fileID: 7361186413435964891}
  - {fileID: 7365156482642110955}
  - {fileID: 7365608524049747421}
  - {fileID: 7365404522138115249}
  - {fileID: 7361470802696288525}
  - {fileID: 7365546290701567685}
  - {fileID: 7365365170680458523}
  m_BlendShapeWeights: []
  m_RootBone: {fileID: 7365546290701567685}
  m_AABB:
    m_Center: {x: -0.4231335, y: 0.01652871, z: -0.0024138987}
    m_Extent: {x: 0.25796008, y: 0.22356884, z: 0.3552722}
  m_DirtyAABB: 0
--- !u!1 &7360356428620414413
GameObject:
  m_ObjectHideFlags: 0
  m_CorrespondingSourceObject: {fileID: 0}
  m_PrefabInstance: {fileID: 0}
  m_PrefabAsset: {fileID: 0}
  serializedVersion: 6
  m_Component:
  - component: {fileID: 7365546290701567685}
  m_Layer: 12
  m_Name: Base Human001Pelvis
  m_TagString: Untagged
  m_Icon: {fileID: 0}
  m_NavMeshLayer: 0
  m_StaticEditorFlags: 0
  m_IsActive: 1
--- !u!4 &7365546290701567685
Transform:
  m_ObjectHideFlags: 0
  m_CorrespondingSourceObject: {fileID: 0}
  m_PrefabInstance: {fileID: 0}
  m_PrefabAsset: {fileID: 0}
  m_GameObject: {fileID: 7360356428620414413}
  m_LocalRotation: {x: 0.49912703, y: -0.50087154, z: -0.49912694, w: 0.5008715}
  m_LocalPosition: {x: 0.000000044889905, y: 0.9103946, z: -0.035709515}
  m_LocalScale: {x: 1, y: 1, z: 1}
  m_Children:
  - {fileID: 7361231816670334899}
  - {fileID: 7361446081447286831}
  - {fileID: 7361488291042597331}
  m_Father: {fileID: 7365496679339199527}
  m_RootOrder: 1
  m_LocalEulerAnglesHint: {x: 0, y: 0, z: 0}
--- !u!1 &7360400474356964451
GameObject:
  m_ObjectHideFlags: 0
  m_CorrespondingSourceObject: {fileID: 0}
  m_PrefabInstance: {fileID: 0}
  m_PrefabAsset: {fileID: 0}
  serializedVersion: 6
  m_Component:
  - component: {fileID: 7361265353256383211}
  m_Layer: 12
  m_Name: Base Human001LDigit31
  m_TagString: Untagged
  m_Icon: {fileID: 0}
  m_NavMeshLayer: 0
  m_StaticEditorFlags: 0
  m_IsActive: 1
--- !u!4 &7361265353256383211
Transform:
  m_ObjectHideFlags: 0
  m_CorrespondingSourceObject: {fileID: 0}
  m_PrefabInstance: {fileID: 0}
  m_PrefabAsset: {fileID: 0}
  m_GameObject: {fileID: 7360400474356964451}
  m_LocalRotation: {x: -0.013117067, y: 0.041601624, z: 0.043578506, w: 0.9980973}
  m_LocalPosition: {x: -0.092740804, y: -0.0024755858, z: 0.0014503705}
  m_LocalScale: {x: 1.000001, y: 1, z: 0.999999}
  m_Children:
  - {fileID: 7365188900016063081}
  m_Father: {fileID: 7365189250464126299}
  m_RootOrder: 2
  m_LocalEulerAnglesHint: {x: 0, y: 0, z: 0}
--- !u!1 &7360408035581169995
GameObject:
  m_ObjectHideFlags: 0
  m_CorrespondingSourceObject: {fileID: 0}
  m_PrefabInstance: {fileID: 0}
  m_PrefabAsset: {fileID: 0}
  serializedVersion: 6
  m_Component:
  - component: {fileID: 7361470802696288525}
  m_Layer: 12
  m_Name: Base Human001LDigit11
  m_TagString: Untagged
  m_Icon: {fileID: 0}
  m_NavMeshLayer: 0
  m_StaticEditorFlags: 0
  m_IsActive: 1
--- !u!4 &7361470802696288525
Transform:
  m_ObjectHideFlags: 0
  m_CorrespondingSourceObject: {fileID: 0}
  m_PrefabInstance: {fileID: 0}
  m_PrefabAsset: {fileID: 0}
  m_GameObject: {fileID: 7360408035581169995}
  m_LocalRotation: {x: 0.30583185, y: 0.3444325, z: 0.17991549, w: 0.8691741}
  m_LocalPosition: {x: -0.025043163, y: -0.00806076, z: 0.031326484}
  m_LocalScale: {x: 1.000006, y: 0.999999, z: 0.999994}
  m_Children:
  - {fileID: 7361178521587090099}
  m_Father: {fileID: 7365189250464126299}
  m_RootOrder: 0
  m_LocalEulerAnglesHint: {x: 0, y: 0, z: 0}
--- !u!1 &7360410102137437681
GameObject:
  m_ObjectHideFlags: 0
  m_CorrespondingSourceObject: {fileID: 0}
  m_PrefabInstance: {fileID: 0}
  m_PrefabAsset: {fileID: 0}
  serializedVersion: 6
  m_Component:
  - component: {fileID: 7365405548698169733}
  m_Layer: 12
  m_Name: Base Human001LUpperarm
  m_TagString: Untagged
  m_Icon: {fileID: 0}
  m_NavMeshLayer: 0
  m_StaticEditorFlags: 0
  m_IsActive: 1
--- !u!4 &7365405548698169733
Transform:
  m_ObjectHideFlags: 0
  m_CorrespondingSourceObject: {fileID: 0}
  m_PrefabInstance: {fileID: 0}
  m_PrefabAsset: {fileID: 0}
  m_GameObject: {fileID: 7360410102137437681}
  m_LocalRotation: {x: 0.015034445, y: 0.2017987, z: -0.2885561, w: 0.93583477}
  m_LocalPosition: {x: -0.15892747, y: 0.000000057220458, z: 0.000000114440915}
  m_LocalScale: {x: 1, y: 1, z: 1}
  m_Children:
  - {fileID: 7365608524049747421}
  m_Father: {fileID: 7365540932481312283}
  m_RootOrder: 0
  m_LocalEulerAnglesHint: {x: 0, y: 0, z: 0}
--- !u!1 &7360410152676419355
GameObject:
  m_ObjectHideFlags: 0
  m_CorrespondingSourceObject: {fileID: 0}
  m_PrefabInstance: {fileID: 0}
  m_PrefabAsset: {fileID: 0}
  serializedVersion: 6
  m_Component:
  - component: {fileID: 7361230024586734087}
  m_Layer: 12
  m_Name: Base Human001LPlatform
  m_TagString: Untagged
  m_Icon: {fileID: 0}
  m_NavMeshLayer: 0
  m_StaticEditorFlags: 0
  m_IsActive: 1
--- !u!4 &7361230024586734087
Transform:
  m_ObjectHideFlags: 0
  m_CorrespondingSourceObject: {fileID: 0}
  m_PrefabInstance: {fileID: 0}
  m_PrefabAsset: {fileID: 0}
  m_GameObject: {fileID: 7360410152676419355}
  m_LocalRotation: {x: 0.51758516, y: -0.5175851, z: -0.4817734, w: 0.48177347}
  m_LocalPosition: {x: -0.08708618, y: -9.70038e-10, z: 0.0077663693}
  m_LocalScale: {x: 1, y: 1, z: 1}
  m_Children: []
  m_Father: {fileID: 7365496679339199527}
  m_RootOrder: 0
  m_LocalEulerAnglesHint: {x: 0, y: 0, z: 0}
--- !u!1 &7360411983810743059
GameObject:
  m_ObjectHideFlags: 0
  m_CorrespondingSourceObject: {fileID: 0}
  m_PrefabInstance: {fileID: 0}
  m_PrefabAsset: {fileID: 0}
  serializedVersion: 6
  m_Component:
  - component: {fileID: 7361488291042597331}
  m_Layer: 12
  m_Name: Base Human001Spine1
  m_TagString: Untagged
  m_Icon: {fileID: 0}
  m_NavMeshLayer: 0
  m_StaticEditorFlags: 0
  m_IsActive: 1
--- !u!4 &7361488291042597331
Transform:
  m_ObjectHideFlags: 0
  m_CorrespondingSourceObject: {fileID: 0}
  m_PrefabInstance: {fileID: 0}
  m_PrefabAsset: {fileID: 0}
  m_GameObject: {fileID: 7360411983810743059}
  m_LocalRotation: {x: 0.000000011579756, y: -0.000000048190696, z: -0.10126617, w: 0.9948594}
  m_LocalPosition: {x: -0.04467905, y: -0.003418411, z: -0.000000008483928}
  m_LocalScale: {x: 1, y: 1, z: 1}
  m_Children:
  - {fileID: 7361554491901918805}
  m_Father: {fileID: 7365546290701567685}
  m_RootOrder: 2
  m_LocalEulerAnglesHint: {x: 0, y: 0, z: 0}
--- !u!1 &7360414434380678277
GameObject:
  m_ObjectHideFlags: 0
  m_CorrespondingSourceObject: {fileID: 0}
  m_PrefabInstance: {fileID: 0}
  m_PrefabAsset: {fileID: 0}
  serializedVersion: 6
  m_Component:
  - component: {fileID: 7365570034136455157}
  m_Layer: 12
  m_Name: Base Human001LDigit42
  m_TagString: Untagged
  m_Icon: {fileID: 0}
  m_NavMeshLayer: 0
  m_StaticEditorFlags: 0
  m_IsActive: 1
--- !u!4 &7365570034136455157
Transform:
  m_ObjectHideFlags: 0
  m_CorrespondingSourceObject: {fileID: 0}
  m_PrefabInstance: {fileID: 0}
  m_PrefabAsset: {fileID: 0}
  m_GameObject: {fileID: 7360414434380678277}
  m_LocalRotation: {x: 0.000001396453, y: 0.00012539353, z: 0.0001230686, w: 1}
  m_LocalPosition: {x: -0.031774893, y: 0, z: 0.00000025749205}
  m_LocalScale: {x: 0.999999, y: 1, z: 1.000001}
  m_Children:
  - {fileID: 7365286488619247437}
  m_Father: {fileID: 7361537136441251205}
  m_RootOrder: 0
  m_LocalEulerAnglesHint: {x: 0, y: 0, z: 0}
--- !u!1 &7360424846426351293
GameObject:
  m_ObjectHideFlags: 0
  m_CorrespondingSourceObject: {fileID: 0}
  m_PrefabInstance: {fileID: 0}
  m_PrefabAsset: {fileID: 0}
  serializedVersion: 6
  m_Component:
  - component: {fileID: 7361446081447286831}
  m_Layer: 12
  m_Name: Base Human001RThigh
  m_TagString: Untagged
  m_Icon: {fileID: 0}
  m_NavMeshLayer: 0
  m_StaticEditorFlags: 0
  m_IsActive: 1
--- !u!4 &7361446081447286831
Transform:
  m_ObjectHideFlags: 0
  m_CorrespondingSourceObject: {fileID: 0}
  m_PrefabInstance: {fileID: 0}
  m_PrefabAsset: {fileID: 0}
  m_GameObject: {fileID: 7360424846426351293}
  m_LocalRotation: {x: 0.065472126, y: 0.9978326, z: 0.005118777, w: 0.004159378}
  m_LocalPosition: {x: -0.016830998, y: 0.0458911, z: -0.08598911}
  m_LocalScale: {x: 1.000021, y: 1, z: 1}
  m_Children:
  - {fileID: 7361471174107119325}
  m_Father: {fileID: 7365546290701567685}
  m_RootOrder: 1
  m_LocalEulerAnglesHint: {x: 0, y: 0, z: 0}
