%YAML 1.1
%TAG !u! tag:unity3d.com,2011:
--- !u!1 &15542549985667473
GameObject:
  m_ObjectHideFlags: 0
  m_CorrespondingSourceObject: {fileID: 0}
  m_PrefabInstance: {fileID: 0}
  m_PrefabAsset: {fileID: 0}
  serializedVersion: 6
  m_Component:
  - component: {fileID: 2439290008156179763}
  m_Layer: 12
  m_Name: Base Human001RDigit42
  m_TagString: Untagged
  m_Icon: {fileID: 0}
  m_NavMeshLayer: 0
  m_StaticEditorFlags: 0
  m_IsActive: 1
--- !u!4 &2439290008156179763
Transform:
  m_ObjectHideFlags: 0
  m_CorrespondingSourceObject: {fileID: 0}
  m_PrefabInstance: {fileID: 0}
  m_PrefabAsset: {fileID: 0}
  m_GameObject: {fileID: 15542549985667473}
  m_LocalRotation: {x: -0.0000018961773, y: -0.00012135547, z: 0.00012277062, w: 1}
  m_LocalPosition: {x: -0.027702399, y: 0, z: 0}
  m_LocalScale: {x: 0.999999, y: 0.999999, z: 1.000002}
  m_Children:
  - {fileID: 8039285522614974914}
  m_Father: {fileID: 4566228285859204290}
  m_RootOrder: 0
  m_LocalEulerAnglesHint: {x: 0, y: 0, z: 0}
--- !u!1 &30986596802290041
GameObject:
  m_ObjectHideFlags: 0
  m_CorrespondingSourceObject: {fileID: 0}
  m_PrefabInstance: {fileID: 0}
  m_PrefabAsset: {fileID: 0}
  serializedVersion: 6
  m_Component:
  - component: {fileID: 8795556979270709057}
  m_Layer: 12
  m_Name: Base Human001Pelvis
  m_TagString: Untagged
  m_Icon: {fileID: 0}
  m_NavMeshLayer: 0
  m_StaticEditorFlags: 0
  m_IsActive: 1
--- !u!4 &8795556979270709057
Transform:
  m_ObjectHideFlags: 0
  m_CorrespondingSourceObject: {fileID: 0}
  m_PrefabInstance: {fileID: 0}
  m_PrefabAsset: {fileID: 0}
  m_GameObject: {fileID: 30986596802290041}
  m_LocalRotation: {x: 0.49912268, y: -0.50086725, z: -0.49913114, w: 0.5008759}
  m_LocalPosition: {x: 0.000000044889905, y: 0.94279337, z: -0.04955684}
  m_LocalScale: {x: 1, y: 1, z: 1}
  m_Children:
  - {fileID: 2111228709171739356}
  - {fileID: 3637848191391890253}
  - {fileID: 1667630143926573199}
  m_Father: {fileID: 1940029441997404376}
  m_RootOrder: 1
  m_LocalEulerAnglesHint: {x: 0, y: 0, z: 0}
--- !u!1 &229490715975040087
GameObject:
  m_ObjectHideFlags: 0
  m_CorrespondingSourceObject: {fileID: 0}
  m_PrefabInstance: {fileID: 0}
  m_PrefabAsset: {fileID: 0}
  serializedVersion: 6
  m_Component:
  - component: {fileID: 982124317989553120}
  - component: {fileID: 7086418405135124582}
  m_Layer: 12
  m_Name: RFoot
  m_TagString: Untagged
  m_Icon: {fileID: 0}
  m_NavMeshLayer: 0
  m_StaticEditorFlags: 0
  m_IsActive: 1
--- !u!4 &982124317989553120
Transform:
  m_ObjectHideFlags: 0
  m_CorrespondingSourceObject: {fileID: 0}
  m_PrefabInstance: {fileID: 0}
  m_PrefabAsset: {fileID: 0}
  m_GameObject: {fileID: 229490715975040087}
  m_LocalRotation: {x: -0.7071068, y: 0, z: -0, w: 0.7071068}
  m_LocalPosition: {x: 0.08941233, y: 0.14757125, z: 0.004709793}
  m_LocalScale: {x: 1, y: 1, z: 1}
  m_Children: []
  m_Father: {fileID: 1940029441997404376}
  m_RootOrder: 11
  m_LocalEulerAnglesHint: {x: 0, y: 0, z: 0}
--- !u!137 &7086418405135124582
SkinnedMeshRenderer:
  m_ObjectHideFlags: 0
  m_CorrespondingSourceObject: {fileID: 0}
  m_PrefabInstance: {fileID: 0}
  m_PrefabAsset: {fileID: 0}
  m_GameObject: {fileID: 229490715975040087}
  m_Enabled: 1
  m_CastShadows: 1
  m_ReceiveShadows: 1
  m_DynamicOccludee: 1
  m_MotionVectors: 1
  m_LightProbeUsage: 1
  m_ReflectionProbeUsage: 1
  m_RenderingLayerMask: 1
  m_RendererPriority: 0
  m_Materials:
  - {fileID: 2100000, guid: 9776c0e05667b8c46ad56ae3a8fc9e6d, type: 2}
  m_StaticBatchInfo:
    firstSubMesh: 0
    subMeshCount: 0
  m_StaticBatchRoot: {fileID: 0}
  m_ProbeAnchor: {fileID: 0}
  m_LightProbeVolumeOverride: {fileID: 0}
  m_ScaleInLightmap: 1
  m_PreserveUVs: 0
  m_IgnoreNormalsForChartDetection: 0
  m_ImportantGI: 0
  m_StitchLightmapSeams: 0
  m_SelectedEditorRenderState: 3
  m_MinimumChartSize: 4
  m_AutoUVMaxDistance: 0.5
  m_AutoUVMaxAngle: 89
  m_LightmapParameters: {fileID: 0}
  m_SortingLayerID: 0
  m_SortingLayer: 0
  m_SortingOrder: 0
  serializedVersion: 2
  m_Quality: 0
  m_UpdateWhenOffscreen: 0
  m_SkinnedMotionVectors: 1
  m_Mesh: {fileID: 4300016, guid: 6dc0e37f76efab64c9d21532cf2fbcbe, type: 3}
  m_Bones:
  - {fileID: 4648487475862850165}
  - {fileID: 230946384135087474}
  - {fileID: 8327452989119092394}
  - {fileID: 2111228709171739356}
  - {fileID: 881714117686740850}
  - {fileID: 3637848191391890253}
  - {fileID: 8795556979270709057}
  - {fileID: 2578341010387037192}
  - {fileID: 2306565333257933173}
  - {fileID: 7253933998043205149}
  - {fileID: 1667630143926573199}
  - {fileID: 8047675888173110670}
  - {fileID: 8315932004818108255}
  - {fileID: 777819458460651116}
  - {fileID: 8239989975233773424}
  - {fileID: 6612984051999199426}
  - {fileID: 8796638776530539932}
  - {fileID: 5248977930689399404}
  - {fileID: 5303530670720222846}
  - {fileID: 790296010839875038}
  m_BlendShapeWeights: []
  m_RootBone: {fileID: 8795556979270709057}
  m_AABB:
    m_Center: {x: 0.8017788, y: 0.024438173, z: -0.08858428}
    m_Extent: {x: 0.1728124, y: 0.17518517, z: 0.062774144}
  m_DirtyAABB: 0
--- !u!1 &331218764353245341
GameObject:
  m_ObjectHideFlags: 0
  m_CorrespondingSourceObject: {fileID: 0}
  m_PrefabInstance: {fileID: 0}
  m_PrefabAsset: {fileID: 0}
  serializedVersion: 6
  m_Component:
  - component: {fileID: 915568372666019913}
  - component: {fileID: 5026998483738374305}
  m_Layer: 12
  m_Name: Pelvis
  m_TagString: Untagged
  m_Icon: {fileID: 0}
  m_NavMeshLayer: 0
  m_StaticEditorFlags: 0
  m_IsActive: 1
--- !u!4 &915568372666019913
Transform:
  m_ObjectHideFlags: 0
  m_CorrespondingSourceObject: {fileID: 0}
  m_PrefabInstance: {fileID: 0}
  m_PrefabAsset: {fileID: 0}
  m_GameObject: {fileID: 331218764353245341}
  m_LocalRotation: {x: -0.7071068, y: 0, z: -0, w: 0.7071068}
  m_LocalPosition: {x: -0.0006013808, y: 0.92824286, z: -0.014194614}
  m_LocalScale: {x: 1, y: 1, z: 1}
  m_Children: []
  m_Father: {fileID: 1940029441997404376}
  m_RootOrder: 9
  m_LocalEulerAnglesHint: {x: 0, y: 0, z: 0}
--- !u!137 &5026998483738374305
SkinnedMeshRenderer:
  m_ObjectHideFlags: 0
  m_CorrespondingSourceObject: {fileID: 0}
  m_PrefabInstance: {fileID: 0}
  m_PrefabAsset: {fileID: 0}
  m_GameObject: {fileID: 331218764353245341}
  m_Enabled: 1
  m_CastShadows: 1
  m_ReceiveShadows: 1
  m_DynamicOccludee: 1
  m_MotionVectors: 1
  m_LightProbeUsage: 1
  m_ReflectionProbeUsage: 1
  m_RenderingLayerMask: 1
  m_RendererPriority: 0
  m_Materials:
  - {fileID: 2100000, guid: 9776c0e05667b8c46ad56ae3a8fc9e6d, type: 2}
  m_StaticBatchInfo:
    firstSubMesh: 0
    subMeshCount: 0
  m_StaticBatchRoot: {fileID: 0}
  m_ProbeAnchor: {fileID: 0}
  m_LightProbeVolumeOverride: {fileID: 0}
  m_ScaleInLightmap: 1
  m_PreserveUVs: 0
  m_IgnoreNormalsForChartDetection: 0
  m_ImportantGI: 0
  m_StitchLightmapSeams: 0
  m_SelectedEditorRenderState: 3
  m_MinimumChartSize: 4
  m_AutoUVMaxDistance: 0.5
  m_AutoUVMaxAngle: 89
  m_LightmapParameters: {fileID: 0}
  m_SortingLayerID: 0
  m_SortingLayer: 0
  m_SortingOrder: 0
  serializedVersion: 2
  m_Quality: 0
  m_UpdateWhenOffscreen: 0
  m_SkinnedMotionVectors: 1
  m_Mesh: {fileID: 4300020, guid: 6dc0e37f76efab64c9d21532cf2fbcbe, type: 3}
  m_Bones:
  - {fileID: 1667630143926573199}
  - {fileID: 3637848191391890253}
  - {fileID: 8795556979270709057}
  - {fileID: 2111228709171739356}
  - {fileID: 881714117686740850}
  - {fileID: 2578341010387037192}
  - {fileID: 2306565333257933173}
  - {fileID: 4648487475862850165}
  - {fileID: 230946384135087474}
  - {fileID: 8327452989119092394}
  - {fileID: 7253933998043205149}
  - {fileID: 8047675888173110670}
  - {fileID: 8315932004818108255}
  - {fileID: 777819458460651116}
  - {fileID: 8239989975233773424}
  - {fileID: 6612984051999199426}
  - {fileID: 8796638776530539932}
  - {fileID: 5248977930689399404}
  - {fileID: 5303530670720222846}
  - {fileID: 790296010839875038}
  m_BlendShapeWeights: []
  m_RootBone: {fileID: 8795556979270709057}
  m_AABB:
    m_Center: {x: -0.009699538, y: 0.03426811, z: 0.00079039484}
    m_Extent: {x: 0.2519232, y: 0.18583372, z: 0.18704307}
  m_DirtyAABB: 0
--- !u!1 &376095153984609522
GameObject:
  m_ObjectHideFlags: 0
  m_CorrespondingSourceObject: {fileID: 0}
  m_PrefabInstance: {fileID: 0}
  m_PrefabAsset: {fileID: 0}
  serializedVersion: 6
  m_Component:
  - component: {fileID: 6011126697467191729}
  m_Layer: 12
  m_Name: Base Human001RDigit23
  m_TagString: Untagged
  m_Icon: {fileID: 0}
  m_NavMeshLayer: 0
  m_StaticEditorFlags: 0
  m_IsActive: 1
--- !u!4 &6011126697467191729
Transform:
  m_ObjectHideFlags: 0
  m_CorrespondingSourceObject: {fileID: 0}
  m_PrefabInstance: {fileID: 0}
  m_PrefabAsset: {fileID: 0}
  m_GameObject: {fileID: 376095153984609522}
  m_LocalRotation: {x: -0.00000003352765, y: 0.0000000046566204, z: -0.000000007450592,
    w: 1}
  m_LocalPosition: {x: -0.02870573, y: 0, z: 0}
  m_LocalScale: {x: 0.999998, y: 0.999999, z: 1.000002}
  m_Children: []
  m_Father: {fileID: 4473590132434592906}
  m_RootOrder: 0
  m_LocalEulerAnglesHint: {x: 0, y: 0, z: 0}
--- !u!1 &382038564888160134
GameObject:
  m_ObjectHideFlags: 0
  m_CorrespondingSourceObject: {fileID: 0}
  m_PrefabInstance: {fileID: 0}
  m_PrefabAsset: {fileID: 0}
  serializedVersion: 6
  m_Component:
  - component: {fileID: 5309496417445175276}
  m_Layer: 12
  m_Name: Base Human001RDigit13
  m_TagString: Untagged
  m_Icon: {fileID: 0}
  m_NavMeshLayer: 0
  m_StaticEditorFlags: 0
  m_IsActive: 1
--- !u!4 &5309496417445175276
Transform:
  m_ObjectHideFlags: 0
  m_CorrespondingSourceObject: {fileID: 0}
  m_PrefabInstance: {fileID: 0}
  m_PrefabAsset: {fileID: 0}
  m_GameObject: {fileID: 382038564888160134}
  m_LocalRotation: {x: 0.000000014901179, y: 0.000000022351783, z: -3.330679e-16,
    w: 1}
  m_LocalPosition: {x: -0.027196826, y: 0, z: 0}
  m_LocalScale: {x: 0.999998, y: 0.999999, z: 1.000002}
  m_Children: []
  m_Father: {fileID: 4593705775941047142}
  m_RootOrder: 0
  m_LocalEulerAnglesHint: {x: 0, y: 0, z: 0}
--- !u!1 &568223597367987983
GameObject:
  m_ObjectHideFlags: 0
  m_CorrespondingSourceObject: {fileID: 0}
  m_PrefabInstance: {fileID: 0}
  m_PrefabAsset: {fileID: 0}
  serializedVersion: 6
  m_Component:
  - component: {fileID: 6385620514133837373}
  m_Layer: 12
  m_Name: Base Human001LDigit31
  m_TagString: Untagged
  m_Icon: {fileID: 0}
  m_NavMeshLayer: 0
  m_StaticEditorFlags: 0
  m_IsActive: 1
--- !u!4 &6385620514133837373
Transform:
  m_ObjectHideFlags: 0
  m_CorrespondingSourceObject: {fileID: 0}
  m_PrefabInstance: {fileID: 0}
  m_PrefabAsset: {fileID: 0}
  m_GameObject: {fileID: 568223597367987983}
  m_LocalRotation: {x: -0.0075743916, y: 0.042954683, z: 0.17348462, w: 0.9838702}
  m_LocalPosition: {x: -0.10400791, y: 0.004367409, z: 0.008895272}
  m_LocalScale: {x: 0.999997, y: 1.000002, z: 1}
  m_Children:
  - {fileID: 6189295770776599513}
  m_Father: {fileID: 5248977930689399404}
  m_RootOrder: 2
  m_LocalEulerAnglesHint: {x: 0, y: 0, z: 0}
--- !u!1 &578800033142509615
GameObject:
  m_ObjectHideFlags: 0
  m_CorrespondingSourceObject: {fileID: 0}
  m_PrefabInstance: {fileID: 0}
  m_PrefabAsset: {fileID: 0}
  serializedVersion: 6
  m_Component:
  - component: {fileID: 7069908223270718874}
  m_Layer: 12
  m_Name: Base Human001RDigit33
  m_TagString: Untagged
  m_Icon: {fileID: 0}
  m_NavMeshLayer: 0
  m_StaticEditorFlags: 0
  m_IsActive: 1
--- !u!4 &7069908223270718874
Transform:
  m_ObjectHideFlags: 0
  m_CorrespondingSourceObject: {fileID: 0}
  m_PrefabInstance: {fileID: 0}
  m_PrefabAsset: {fileID: 0}
  m_GameObject: {fileID: 578800033142509615}
  m_LocalRotation: {x: -0.0000000018626471, y: -0.0000000032596337, z: -0.000000014901183,
    w: 1}
  m_LocalPosition: {x: -0.023299798, y: 0, z: 0}
  m_LocalScale: {x: 0.999999, y: 0.999999, z: 1.000002}
  m_Children: []
  m_Father: {fileID: 4288370067075510897}
  m_RootOrder: 0
  m_LocalEulerAnglesHint: {x: 0, y: 0, z: 0}
--- !u!1 &615861870689332316
GameObject:
  m_ObjectHideFlags: 0
  m_CorrespondingSourceObject: {fileID: 0}
  m_PrefabInstance: {fileID: 0}
  m_PrefabAsset: {fileID: 0}
  serializedVersion: 6
  m_Component:
  - component: {fileID: 5303530670720222846}
  m_Layer: 12
  m_Name: Base Human001LDigit11
  m_TagString: Untagged
  m_Icon: {fileID: 0}
  m_NavMeshLayer: 0
  m_StaticEditorFlags: 0
  m_IsActive: 1
--- !u!4 &5303530670720222846
Transform:
  m_ObjectHideFlags: 0
  m_CorrespondingSourceObject: {fileID: 0}
  m_PrefabInstance: {fileID: 0}
  m_PrefabAsset: {fileID: 0}
  m_GameObject: {fileID: 615861870689332316}
  m_LocalRotation: {x: 0.3058304, y: 0.34443158, z: 0.17991893, w: 0.8691743}
  m_LocalPosition: {x: -0.024551524, y: 0.0013585282, z: 0.037392076}
  m_LocalScale: {x: 0.999999, y: 1.000001, z: 0.999999}
  m_Children:
  - {fileID: 790296010839875038}
  m_Father: {fileID: 5248977930689399404}
  m_RootOrder: 0
  m_LocalEulerAnglesHint: {x: 0, y: 0, z: 0}
--- !u!1 &660161781803782244
GameObject:
  m_ObjectHideFlags: 0
  m_CorrespondingSourceObject: {fileID: 0}
  m_PrefabInstance: {fileID: 0}
  m_PrefabAsset: {fileID: 0}
  serializedVersion: 6
  m_Component:
  - component: {fileID: 2749879594408376808}
  m_Layer: 12
  m_Name: Base Human001LDigit51
  m_TagString: Untagged
  m_Icon: {fileID: 0}
  m_NavMeshLayer: 0
  m_StaticEditorFlags: 0
  m_IsActive: 1
--- !u!4 &2749879594408376808
Transform:
  m_ObjectHideFlags: 0
  m_CorrespondingSourceObject: {fileID: 0}
  m_PrefabInstance: {fileID: 0}
  m_PrefabAsset: {fileID: 0}
  m_GameObject: {fileID: 660161781803782244}
  m_LocalRotation: {x: -0.094060436, y: -0.09406214, z: 0.07892823, w: 0.9879652}
  m_LocalPosition: {x: -0.09242151, y: -0.00814888, z: -0.03246225}
  m_LocalScale: {x: 1.000004, y: 0.999996, z: 1}
  m_Children:
  - {fileID: 8379055852758582463}
  m_Father: {fileID: 5248977930689399404}
  m_RootOrder: 4
  m_LocalEulerAnglesHint: {x: 0, y: 0, z: 0}
--- !u!1 &757750909974471873
GameObject:
  m_ObjectHideFlags: 0
  m_CorrespondingSourceObject: {fileID: 0}
  m_PrefabInstance: {fileID: 0}
  m_PrefabAsset: {fileID: 0}
  serializedVersion: 6
  m_Component:
  - component: {fileID: 9062523197865722760}
  m_Layer: 12
  m_Name: Base Human001Neck
  m_TagString: Untagged
  m_Icon: {fileID: 0}
  m_NavMeshLayer: 0
  m_StaticEditorFlags: 0
  m_IsActive: 1
--- !u!4 &9062523197865722760
Transform:
  m_ObjectHideFlags: 0
  m_CorrespondingSourceObject: {fileID: 0}
  m_PrefabInstance: {fileID: 0}
  m_PrefabAsset: {fileID: 0}
  m_GameObject: {fileID: 757750909974471873}
  m_LocalRotation: {x: 3.9068103e-11, y: 0.000000010876001, z: -2.2737414e-13, w: 1}
  m_LocalPosition: {x: -0.000795021, y: -0.003500558, z: -0.000000006722657}
  m_LocalScale: {x: 1, y: 1, z: 1}
  m_Children:
  - {fileID: 3220496258851556373}
  m_Father: {fileID: 777819458460651116}
  m_RootOrder: 1
  m_LocalEulerAnglesHint: {x: 0, y: 0, z: 0}
--- !u!1 &761376551070347600
GameObject:
  m_ObjectHideFlags: 0
  m_CorrespondingSourceObject: {fileID: 0}
  m_PrefabInstance: {fileID: 0}
  m_PrefabAsset: {fileID: 0}
  serializedVersion: 6
  m_Component:
  - component: {fileID: 4986675240882302483}
  m_Layer: 12
  m_Name: Base Human001LDigit53
  m_TagString: Untagged
  m_Icon: {fileID: 0}
  m_NavMeshLayer: 0
  m_StaticEditorFlags: 0
  m_IsActive: 1
--- !u!4 &4986675240882302483
Transform:
  m_ObjectHideFlags: 0
  m_CorrespondingSourceObject: {fileID: 0}
  m_PrefabInstance: {fileID: 0}
  m_PrefabAsset: {fileID: 0}
  m_GameObject: {fileID: 761376551070347600}
  m_LocalRotation: {x: 0.000000007450612, y: 0.000000011175833, z: -8.326678e-17,
    w: 1}
  m_LocalPosition: {x: -0.022183398, y: 0, z: 0}
  m_LocalScale: {x: 1.000003, y: 0.999996, z: 1}
  m_Children: []
  m_Father: {fileID: 8379055852758582463}
  m_RootOrder: 0
  m_LocalEulerAnglesHint: {x: 0, y: 0, z: 0}
--- !u!1 &982397424877275367
GameObject:
  m_ObjectHideFlags: 0
  m_CorrespondingSourceObject: {fileID: 0}
  m_PrefabInstance: {fileID: 0}
  m_PrefabAsset: {fileID: 0}
  serializedVersion: 6
  m_Component:
  - component: {fileID: 6064547181426618461}
  - component: {fileID: 2617508517569605885}
  m_Layer: 12
  m_Name: RKnee
  m_TagString: Untagged
  m_Icon: {fileID: 0}
  m_NavMeshLayer: 0
  m_StaticEditorFlags: 0
  m_IsActive: 1
--- !u!4 &6064547181426618461
Transform:
  m_ObjectHideFlags: 0
  m_CorrespondingSourceObject: {fileID: 0}
  m_PrefabInstance: {fileID: 0}
  m_PrefabAsset: {fileID: 0}
  m_GameObject: {fileID: 982397424877275367}
  m_LocalRotation: {x: -0.7071068, y: 0, z: -0, w: 0.7071068}
  m_LocalPosition: {x: 0.08979212, y: 0.49490884, z: -0.03963734}
  m_LocalScale: {x: 1, y: 1, z: 1}
  m_Children: []
  m_Father: {fileID: 1940029441997404376}
  m_RootOrder: 13
  m_LocalEulerAnglesHint: {x: 0, y: 0, z: 0}
--- !u!137 &2617508517569605885
SkinnedMeshRenderer:
  m_ObjectHideFlags: 0
  m_CorrespondingSourceObject: {fileID: 0}
  m_PrefabInstance: {fileID: 0}
  m_PrefabAsset: {fileID: 0}
  m_GameObject: {fileID: 982397424877275367}
  m_Enabled: 1
  m_CastShadows: 1
  m_ReceiveShadows: 1
  m_DynamicOccludee: 1
  m_MotionVectors: 1
  m_LightProbeUsage: 1
  m_ReflectionProbeUsage: 1
  m_RenderingLayerMask: 1
  m_RendererPriority: 0
  m_Materials:
  - {fileID: 2100000, guid: 9776c0e05667b8c46ad56ae3a8fc9e6d, type: 2}
  m_StaticBatchInfo:
    firstSubMesh: 0
    subMeshCount: 0
  m_StaticBatchRoot: {fileID: 0}
  m_ProbeAnchor: {fileID: 0}
  m_LightProbeVolumeOverride: {fileID: 0}
  m_ScaleInLightmap: 1
  m_PreserveUVs: 0
  m_IgnoreNormalsForChartDetection: 0
  m_ImportantGI: 0
  m_StitchLightmapSeams: 0
  m_SelectedEditorRenderState: 3
  m_MinimumChartSize: 4
  m_AutoUVMaxDistance: 0.5
  m_AutoUVMaxAngle: 89
  m_LightmapParameters: {fileID: 0}
  m_SortingLayerID: 0
  m_SortingLayer: 0
  m_SortingOrder: 0
  serializedVersion: 2
  m_Quality: 0
  m_UpdateWhenOffscreen: 0
  m_SkinnedMotionVectors: 1
  m_Mesh: {fileID: 4300012, guid: 6dc0e37f76efab64c9d21532cf2fbcbe, type: 3}
  m_Bones:
  - {fileID: 4648487475862850165}
  - {fileID: 3637848191391890253}
  - {fileID: 2306565333257933173}
  - {fileID: 2578341010387037192}
  - {fileID: 881714117686740850}
  - {fileID: 2111228709171739356}
  - {fileID: 8795556979270709057}
  - {fileID: 7253933998043205149}
  - {fileID: 230946384135087474}
  - {fileID: 8327452989119092394}
  - {fileID: 1667630143926573199}
  - {fileID: 8047675888173110670}
  - {fileID: 8315932004818108255}
  - {fileID: 777819458460651116}
  - {fileID: 8239989975233773424}
  - {fileID: 6612984051999199426}
  - {fileID: 8796638776530539932}
  - {fileID: 5248977930689399404}
  - {fileID: 5303530670720222846}
  - {fileID: 790296010839875038}
  m_BlendShapeWeights: []
  m_RootBone: {fileID: 8795556979270709057}
  m_AABB:
    m_Center: {x: 0.45652097, y: -0.015729044, z: -0.08992274}
    m_Extent: {x: 0.23385692, y: 0.13080409, z: 0.07608889}
  m_DirtyAABB: 0
--- !u!1 &1296841220650237367
GameObject:
  m_ObjectHideFlags: 0
  m_CorrespondingSourceObject: {fileID: 0}
  m_PrefabInstance: {fileID: 0}
  m_PrefabAsset: {fileID: 0}
  serializedVersion: 6
  m_Component:
  - component: {fileID: 8039285522614974914}
  m_Layer: 12
  m_Name: Base Human001RDigit43
  m_TagString: Untagged
  m_Icon: {fileID: 0}
  m_NavMeshLayer: 0
  m_StaticEditorFlags: 0
  m_IsActive: 1
--- !u!4 &8039285522614974914
Transform:
  m_ObjectHideFlags: 0
  m_CorrespondingSourceObject: {fileID: 0}
  m_PrefabInstance: {fileID: 0}
  m_PrefabAsset: {fileID: 0}
  m_GameObject: {fileID: 1296841220650237367}
  m_LocalRotation: {x: 0.000000048428834, y: -0.000000008381918, z: 0.000000022351784,
    w: 1}
  m_LocalPosition: {x: -0.022846928, y: -0.000000114440915, z: 0.000000028610229}
  m_LocalScale: {x: 0.999998, y: 0.999999, z: 1.000002}
  m_Children: []
  m_Father: {fileID: 2439290008156179763}
  m_RootOrder: 0
  m_LocalEulerAnglesHint: {x: 0, y: 0, z: 0}
--- !u!1 &1307008429269545614
GameObject:
  m_ObjectHideFlags: 0
  m_CorrespondingSourceObject: {fileID: 0}
  m_PrefabInstance: {fileID: 0}
  m_PrefabAsset: {fileID: 0}
  serializedVersion: 6
  m_Component:
  - component: {fileID: 2306565333257933173}
  m_Layer: 12
  m_Name: Base Human001LCalf
  m_TagString: Untagged
  m_Icon: {fileID: 0}
  m_NavMeshLayer: 0
  m_StaticEditorFlags: 0
  m_IsActive: 1
--- !u!4 &2306565333257933173
Transform:
  m_ObjectHideFlags: 0
  m_CorrespondingSourceObject: {fileID: 0}
  m_PrefabInstance: {fileID: 0}
  m_PrefabAsset: {fileID: 0}
  m_GameObject: {fileID: 1307008429269545614}
  m_LocalRotation: {x: 0.000070355236, y: 0.0013882966, z: 0.11301035, w: 0.99359286}
  m_LocalPosition: {x: -0.44938087, y: 0.0000006173551, z: -0.00000017881393}
  m_LocalScale: {x: 1.000006, y: 0.999993, z: 1}
  m_Children:
  - {fileID: 2578341010387037192}
  m_Father: {fileID: 2111228709171739356}
  m_RootOrder: 0
  m_LocalEulerAnglesHint: {x: 0, y: 0, z: 0}
--- !u!1 &1502442061087137780
GameObject:
  m_ObjectHideFlags: 0
  m_CorrespondingSourceObject: {fileID: 0}
  m_PrefabInstance: {fileID: 0}
  m_PrefabAsset: {fileID: 0}
  serializedVersion: 6
  m_Component:
  - component: {fileID: 8239989975233773424}
  m_Layer: 12
  m_Name: Base Human001LCollarbone
  m_TagString: Untagged
  m_Icon: {fileID: 0}
  m_NavMeshLayer: 0
  m_StaticEditorFlags: 0
  m_IsActive: 1
--- !u!4 &8239989975233773424
Transform:
  m_ObjectHideFlags: 0
  m_CorrespondingSourceObject: {fileID: 0}
  m_PrefabInstance: {fileID: 0}
  m_PrefabAsset: {fileID: 0}
  m_GameObject: {fileID: 1502442061087137780}
  m_LocalRotation: {x: 0.2069988, y: 0.55512476, z: 0.25932398, w: 0.7627182}
  m_LocalPosition: {x: 0.02657341, y: 0.08681512, z: 0.015056414}
  m_LocalScale: {x: 1, y: 1, z: 1}
  m_Children:
  - {fileID: 6612984051999199426}
  m_Father: {fileID: 777819458460651116}
  m_RootOrder: 0
  m_LocalEulerAnglesHint: {x: 0, y: 0, z: 0}
--- !u!1 &2033417138423185569
GameObject:
  m_ObjectHideFlags: 0
  m_CorrespondingSourceObject: {fileID: 0}
  m_PrefabInstance: {fileID: 0}
  m_PrefabAsset: {fileID: 0}
  serializedVersion: 6
  m_Component:
  - component: {fileID: 5183263885597570365}
  m_Layer: 12
  m_Name: Base Human001RForearm
  m_TagString: Untagged
  m_Icon: {fileID: 0}
  m_NavMeshLayer: 0
  m_StaticEditorFlags: 0
  m_IsActive: 1
--- !u!4 &5183263885597570365
Transform:
  m_ObjectHideFlags: 0
  m_CorrespondingSourceObject: {fileID: 0}
  m_PrefabInstance: {fileID: 0}
  m_PrefabAsset: {fileID: 0}
  m_GameObject: {fileID: 2033417138423185569}
  m_LocalRotation: {x: -0.07282347, y: 0.061773553, z: -0.12175101, w: 0.9879562}
  m_LocalPosition: {x: -0.30259436, y: -0.000000007152557, z: 0}
  m_LocalScale: {x: 1, y: 1.000001, z: 1}
  m_Children:
  - {fileID: 4678586360925173308}
  m_Father: {fileID: 2017439859885322936}
  m_RootOrder: 0
  m_LocalEulerAnglesHint: {x: 0, y: 0, z: 0}
--- !u!1 &2306988850476073386
GameObject:
  m_ObjectHideFlags: 0
  m_CorrespondingSourceObject: {fileID: 0}
  m_PrefabInstance: {fileID: 0}
  m_PrefabAsset: {fileID: 0}
  serializedVersion: 6
  m_Component:
  - component: {fileID: 2017439859885322936}
  m_Layer: 12
  m_Name: Base Human001RUpperarm
  m_TagString: Untagged
  m_Icon: {fileID: 0}
  m_NavMeshLayer: 0
  m_StaticEditorFlags: 0
  m_IsActive: 1
--- !u!4 &2017439859885322936
Transform:
  m_ObjectHideFlags: 0
  m_CorrespondingSourceObject: {fileID: 0}
  m_PrefabInstance: {fileID: 0}
  m_PrefabAsset: {fileID: 0}
  m_GameObject: {fileID: 2306988850476073386}
  m_LocalRotation: {x: -0.047055494, y: -0.22413707, z: -0.26219773, w: 0.93744373}
  m_LocalPosition: {x: -0.15999995, y: -0.000000028610229, z: 0}
  m_LocalScale: {x: 1, y: 1, z: 0.999999}
  m_Children:
  - {fileID: 5183263885597570365}
  m_Father: {fileID: 8038992538895771164}
  m_RootOrder: 0
  m_LocalEulerAnglesHint: {x: 0, y: 0, z: 0}
--- !u!1 &2420159413167839323
GameObject:
  m_ObjectHideFlags: 0
  m_CorrespondingSourceObject: {fileID: 0}
  m_PrefabInstance: {fileID: 0}
  m_PrefabAsset: {fileID: 0}
  serializedVersion: 6
  m_Component:
  - component: {fileID: 4212671539015693179}
  m_Layer: 12
  m_Name: Base Human001RDigit53
  m_TagString: Untagged
  m_Icon: {fileID: 0}
  m_NavMeshLayer: 0
  m_StaticEditorFlags: 0
  m_IsActive: 1
--- !u!4 &4212671539015693179
Transform:
  m_ObjectHideFlags: 0
  m_CorrespondingSourceObject: {fileID: 0}
  m_PrefabInstance: {fileID: 0}
  m_PrefabAsset: {fileID: 0}
  m_GameObject: {fileID: 2420159413167839323}
  m_LocalRotation: {x: -0.00000002980235, y: 0.000000014901128, z: -0.000000014901127,
    w: 1}
  m_LocalPosition: {x: -0.022183456, y: 0, z: -0.000000057220458}
  m_LocalScale: {x: 1.000002, y: 0.999999, z: 0.999999}
  m_Children: []
  m_Father: {fileID: 5486498402017585605}
  m_RootOrder: 0
  m_LocalEulerAnglesHint: {x: 0, y: 0, z: 0}
--- !u!1 &2689241956151297129
GameObject:
  m_ObjectHideFlags: 0
  m_CorrespondingSourceObject: {fileID: 0}
  m_PrefabInstance: {fileID: 0}
  m_PrefabAsset: {fileID: 0}
  serializedVersion: 6
  m_Component:
  - component: {fileID: 2578341010387037192}
  m_Layer: 12
  m_Name: Base Human001LFoot
  m_TagString: Untagged
  m_Icon: {fileID: 0}
  m_NavMeshLayer: 0
  m_StaticEditorFlags: 0
  m_IsActive: 1
--- !u!4 &2578341010387037192
Transform:
  m_ObjectHideFlags: 0
  m_CorrespondingSourceObject: {fileID: 0}
  m_PrefabInstance: {fileID: 0}
  m_PrefabAsset: {fileID: 0}
  m_GameObject: {fileID: 2689241956151297129}
  m_LocalRotation: {x: -0.004241585, y: -0.0044840453, z: -0.7641572, w: 0.6450005}
  m_LocalPosition: {x: -0.4832203, y: 0.000000007152557, z: 0}
  m_LocalScale: {x: 1.000009, y: 0.999991, z: 1}
  m_Children:
  - {fileID: 881714117686740850}
  m_Father: {fileID: 2306565333257933173}
  m_RootOrder: 0
  m_LocalEulerAnglesHint: {x: 0, y: 0, z: 0}
--- !u!1 &2726698218356930827
GameObject:
  m_ObjectHideFlags: 0
  m_CorrespondingSourceObject: {fileID: 0}
  m_PrefabInstance: {fileID: 0}
  m_PrefabAsset: {fileID: 0}
  serializedVersion: 6
  m_Component:
  - component: {fileID: 6173559472460763441}
  m_Layer: 12
  m_Name: Base Human001LDigit23
  m_TagString: Untagged
  m_Icon: {fileID: 0}
  m_NavMeshLayer: 0
  m_StaticEditorFlags: 0
  m_IsActive: 1
--- !u!4 &6173559472460763441
Transform:
  m_ObjectHideFlags: 0
  m_CorrespondingSourceObject: {fileID: 0}
  m_PrefabInstance: {fileID: 0}
  m_PrefabAsset: {fileID: 0}
  m_GameObject: {fileID: 2726698218356930827}
  m_LocalRotation: {x: 0.00000002980222, y: -0.000000008381937, z: -0.00000001490122,
    w: 1}
  m_LocalPosition: {x: -0.028705787, y: 0, z: 0}
  m_LocalScale: {x: 0.999996, y: 1.000003, z: 1.000001}
  m_Children: []
  m_Father: {fileID: 1909153460567674874}
  m_RootOrder: 0
  m_LocalEulerAnglesHint: {x: 0, y: 0, z: 0}
--- !u!1 &2749319940963819484
GameObject:
  m_ObjectHideFlags: 0
  m_CorrespondingSourceObject: {fileID: 0}
  m_PrefabInstance: {fileID: 0}
  m_PrefabAsset: {fileID: 0}
  serializedVersion: 6
  m_Component:
  - component: {fileID: 1940029441997404376}
  - component: {fileID: 3093768301750487647}
  - component: {fileID: 8922813799510105978}
  - component: {fileID: 8381293803497999337}
  - component: {fileID: 3584634747724631053}
  - component: {fileID: 7328159314476672077}
  m_Layer: 12
  m_Name: Zombie Girl 1B
  m_TagString: Enemy
  m_Icon: {fileID: 0}
  m_NavMeshLayer: 0
  m_StaticEditorFlags: 0
  m_IsActive: 0
--- !u!4 &1940029441997404376
Transform:
  m_ObjectHideFlags: 0
  m_CorrespondingSourceObject: {fileID: 0}
  m_PrefabInstance: {fileID: 0}
  m_PrefabAsset: {fileID: 0}
  m_GameObject: {fileID: 2749319940963819484}
  m_LocalRotation: {x: -0, y: 1, z: -0, w: 0}
  m_LocalPosition: {x: 1.033173, y: 0, z: 2.4864187}
  m_LocalScale: {x: 1, y: 1, z: 1}
  m_Children:
  - {fileID: 7253933998043205149}
  - {fileID: 8795556979270709057}
  - {fileID: 6966219535952739015}
  - {fileID: 2343805636868933466}
  - {fileID: 5355379523125449108}
  - {fileID: 4906471338602738939}
  - {fileID: 6687963936790043568}
  - {fileID: 8298634566755784910}
  - {fileID: 5545363390870945197}
  - {fileID: 915568372666019913}
  - {fileID: 6065202478413905304}
  - {fileID: 982124317989553120}
  - {fileID: 1757729973532786891}
  - {fileID: 6064547181426618461}
  m_Father: {fileID: 0}
  m_RootOrder: 0
  m_LocalEulerAnglesHint: {x: 0, y: 180, z: 0}
--- !u!95 &3093768301750487647
Animator:
  serializedVersion: 3
  m_ObjectHideFlags: 0
  m_CorrespondingSourceObject: {fileID: 0}
  m_PrefabInstance: {fileID: 0}
  m_PrefabAsset: {fileID: 0}
  m_GameObject: {fileID: 2749319940963819484}
  m_Enabled: 1
  m_Avatar: {fileID: 9000000, guid: 6dc0e37f76efab64c9d21532cf2fbcbe, type: 3}
  m_Controller: {fileID: 9100000, guid: e33b457d8e22bdd46b2eabde04ebaf44, type: 2}
  m_CullingMode: 1
  m_UpdateMode: 0
  m_ApplyRootMotion: 0
  m_LinearVelocityBlending: 0
  m_WarningMessage: 
  m_HasTransformHierarchy: 1
  m_AllowConstantClipSamplingOptimization: 1
  m_KeepAnimatorControllerStateOnDisable: 0
--- !u!143 &8922813799510105978
CharacterController:
  m_ObjectHideFlags: 0
  m_CorrespondingSourceObject: {fileID: 0}
  m_PrefabInstance: {fileID: 0}
  m_PrefabAsset: {fileID: 0}
  m_GameObject: {fileID: 2749319940963819484}
  m_Material: {fileID: 0}
  m_IsTrigger: 0
  m_Enabled: 1
  serializedVersion: 2
  m_Height: 1.65
  m_Radius: 0.25
  m_SlopeLimit: 45
  m_StepOffset: 0.3
  m_SkinWidth: 0.08
  m_MinMoveDistance: 0
  m_Center: {x: 0, y: 0.75, z: 0}
--- !u!135 &8381293803497999337
SphereCollider:
  m_ObjectHideFlags: 0
  m_CorrespondingSourceObject: {fileID: 0}
  m_PrefabInstance: {fileID: 0}
  m_PrefabAsset: {fileID: 0}
  m_GameObject: {fileID: 2749319940963819484}
  m_Material: {fileID: 0}
  m_IsTrigger: 0
  m_Enabled: 1
  serializedVersion: 2
  m_Radius: 0.09
  m_Center: {x: -0.01, y: 1.62, z: 0}
--- !u!195 &3584634747724631053
NavMeshAgent:
  m_ObjectHideFlags: 0
  m_CorrespondingSourceObject: {fileID: 0}
  m_PrefabInstance: {fileID: 0}
  m_PrefabAsset: {fileID: 0}
  m_GameObject: {fileID: 2749319940963819484}
  m_Enabled: 1
  m_AgentTypeID: 0
  m_Radius: 0.2
  m_Speed: 3.5
  m_Acceleration: 8
  avoidancePriority: 50
  m_AngularSpeed: 120
  m_StoppingDistance: 0
  m_AutoTraverseOffMeshLink: 1
  m_AutoBraking: 1
  m_AutoRepath: 1
  m_Height: 1.7
  m_BaseOffset: -0.09
  m_WalkableMask: 4294967295
  m_ObstacleAvoidanceType: 4
--- !u!114 &7328159314476672077
MonoBehaviour:
  m_ObjectHideFlags: 0
  m_CorrespondingSourceObject: {fileID: 0}
  m_PrefabInstance: {fileID: 0}
  m_PrefabAsset: {fileID: 0}
  m_GameObject: {fileID: 2749319940963819484}
  m_Enabled: 1
  m_EditorHideFlags: 0
  m_Script: {fileID: 11500000, guid: a92b2d23b48d2f149976cd99294fa207, type: 3}
  m_Name: 
  m_EditorClassIdentifier: 
  attackDistance: 2
  alertAttackDistance: 8
  followDistance: 15
  enemyCurrentState: 0
--- !u!1 &2836395051845684833
GameObject:
  m_ObjectHideFlags: 0
  m_CorrespondingSourceObject: {fileID: 0}
  m_PrefabInstance: {fileID: 0}
  m_PrefabAsset: {fileID: 0}
  serializedVersion: 6
  m_Component:
  - component: {fileID: 4648487475862850165}
  m_Layer: 12
  m_Name: Base Human001RCalf
  m_TagString: Untagged
  m_Icon: {fileID: 0}
  m_NavMeshLayer: 0
  m_StaticEditorFlags: 0
  m_IsActive: 1
--- !u!4 &4648487475862850165
Transform:
  m_ObjectHideFlags: 0
  m_CorrespondingSourceObject: {fileID: 0}
  m_PrefabInstance: {fileID: 0}
  m_PrefabAsset: {fileID: 0}
  m_GameObject: {fileID: 2836395051845684833}
  m_LocalRotation: {x: -0.00008945816, y: -0.0012136977, z: 0.11301988, w: 0.993592}
  m_LocalPosition: {x: -0.44938082, y: 0.0000006189197, z: 0.00000018596648}
  m_LocalScale: {x: 1.000001, y: 0.999998, z: 1}
  m_Children:
  - {fileID: 230946384135087474}
  m_Father: {fileID: 3637848191391890253}
  m_RootOrder: 0
  m_LocalEulerAnglesHint: {x: 0, y: 0, z: 0}
--- !u!1 &3227354459567611653
GameObject:
  m_ObjectHideFlags: 0
  m_CorrespondingSourceObject: {fileID: 0}
  m_PrefabInstance: {fileID: 0}
  m_PrefabAsset: {fileID: 0}
  serializedVersion: 6
  m_Component:
  - component: {fileID: 8379055852758582463}
  m_Layer: 12
  m_Name: Base Human001LDigit52
  m_TagString: Untagged
  m_Icon: {fileID: 0}
  m_NavMeshLayer: 0
  m_StaticEditorFlags: 0
  m_IsActive: 1
--- !u!4 &8379055852758582463
Transform:
  m_ObjectHideFlags: 0
  m_CorrespondingSourceObject: {fileID: 0}
  m_PrefabInstance: {fileID: 0}
  m_PrefabAsset: {fileID: 0}
  m_GameObject: {fileID: 3227354459567611653}
  m_LocalRotation: {x: -0.000000022351836, y: 1.6653357e-16, z: -0.000000007450555,
    w: 1}
  m_LocalPosition: {x: -0.025932997, y: 0.000000114440915, z: -0.000000028610229}
  m_LocalScale: {x: 1.000003, y: 0.999996, z: 1}
  m_Children:
  - {fileID: 4986675240882302483}
  m_Father: {fileID: 2749879594408376808}
  m_RootOrder: 0
  m_LocalEulerAnglesHint: {x: 0, y: 0, z: 0}
--- !u!1 &3604557478999397609
GameObject:
  m_ObjectHideFlags: 0
  m_CorrespondingSourceObject: {fileID: 0}
  m_PrefabInstance: {fileID: 0}
  m_PrefabAsset: {fileID: 0}
  serializedVersion: 6
  m_Component:
  - component: {fileID: 1667630143926573199}
  m_Layer: 12
  m_Name: Base Human001Spine1
  m_TagString: Untagged
  m_Icon: {fileID: 0}
  m_NavMeshLayer: 0
  m_StaticEditorFlags: 0
  m_IsActive: 1
--- !u!4 &1667630143926573199
Transform:
  m_ObjectHideFlags: 0
  m_CorrespondingSourceObject: {fileID: 0}
  m_PrefabInstance: {fileID: 0}
  m_PrefabAsset: {fileID: 0}
  m_GameObject: {fileID: 3604557478999397609}
  m_LocalRotation: {x: -5.253747e-10, y: 0.000000012719061, z: -0.13904716, w: 0.99028575}
  m_LocalPosition: {x: -0.04467905, y: -0.003418411, z: -0.000000008483949}
  m_LocalScale: {x: 1, y: 1, z: 1}
  m_Children:
  - {fileID: 8047675888173110670}
  m_Father: {fileID: 8795556979270709057}
  m_RootOrder: 2
  m_LocalEulerAnglesHint: {x: 0, y: 0, z: 0}
--- !u!1 &3644332841504643447
GameObject:
  m_ObjectHideFlags: 0
  m_CorrespondingSourceObject: {fileID: 0}
  m_PrefabInstance: {fileID: 0}
  m_PrefabAsset: {fileID: 0}
  serializedVersion: 6
  m_Component:
  - component: {fileID: 5248977930689399404}
  m_Layer: 12
  m_Name: Base Human001LPalm
  m_TagString: Untagged
  m_Icon: {fileID: 0}
  m_NavMeshLayer: 0
  m_StaticEditorFlags: 0
  m_IsActive: 1
--- !u!4 &5248977930689399404
Transform:
  m_ObjectHideFlags: 0
  m_CorrespondingSourceObject: {fileID: 0}
  m_PrefabInstance: {fileID: 0}
  m_PrefabAsset: {fileID: 0}
  m_GameObject: {fileID: 3644332841504643447}
  m_LocalRotation: {x: -0.73670876, y: -0.07696638, z: 0.05569947, w: 0.66950285}
  m_LocalPosition: {x: -0.27350074, y: -0.000000028610229, z: 0}
  m_LocalScale: {x: 1.000003, y: 0.999997, z: 1}
  m_Children:
  - {fileID: 5303530670720222846}
  - {fileID: 6960692601525932738}
  - {fileID: 6385620514133837373}
  - {fileID: 5192251497987946039}
  - {fileID: 2749879594408376808}
  m_Father: {fileID: 8796638776530539932}
  m_RootOrder: 0
  m_LocalEulerAnglesHint: {x: 0, y: 0, z: 0}
--- !u!1 &3732078219670451696
GameObject:
  m_ObjectHideFlags: 0
  m_CorrespondingSourceObject: {fileID: 0}
  m_PrefabInstance: {fileID: 0}
  m_PrefabAsset: {fileID: 0}
  serializedVersion: 6
  m_Component:
  - component: {fileID: 2360396900381154571}
  m_Layer: 12
  m_Name: Base Human001RDigit11 1
  m_TagString: Untagged
  m_Icon: {fileID: 0}
  m_NavMeshLayer: 0
  m_StaticEditorFlags: 0
  m_IsActive: 1
--- !u!4 &2360396900381154571
Transform:
  m_ObjectHideFlags: 0
  m_CorrespondingSourceObject: {fileID: 0}
  m_PrefabInstance: {fileID: 0}
  m_PrefabAsset: {fileID: 0}
  m_GameObject: {fileID: 3732078219670451696}
  m_LocalRotation: {x: -0.30583116, y: -0.34443167, z: 0.17991745, w: 0.86917424}
  m_LocalPosition: {x: -0.024551468, y: 0.001358757, z: -0.037392173}
  m_LocalScale: {x: 1, y: 1, z: 0.999999}
  m_Children:
  - {fileID: 4593705775941047142}
  m_Father: {fileID: 4678586360925173308}
  m_RootOrder: 0
  m_LocalEulerAnglesHint: {x: 0, y: 0, z: 0}
--- !u!1 &3773911824068121645
GameObject:
  m_ObjectHideFlags: 0
  m_CorrespondingSourceObject: {fileID: 0}
  m_PrefabInstance: {fileID: 0}
  m_PrefabAsset: {fileID: 0}
  serializedVersion: 6
  m_Component:
  - component: {fileID: 7253933998043205149}
  m_Layer: 12
  m_Name: Base Human001LPlatform
  m_TagString: Untagged
  m_Icon: {fileID: 0}
  m_NavMeshLayer: 0
  m_StaticEditorFlags: 0
  m_IsActive: 1
--- !u!4 &7253933998043205149
Transform:
  m_ObjectHideFlags: 0
  m_CorrespondingSourceObject: {fileID: 0}
  m_PrefabInstance: {fileID: 0}
  m_PrefabAsset: {fileID: 0}
  m_GameObject: {fileID: 3773911824068121645}
  m_LocalRotation: {x: 0.50000006, y: -0.4999999, z: -0.49999994, w: 0.5000001}
  m_LocalPosition: {x: -0.08692902, y: 0.0000000011130037, z: 0.0068369354}
  m_LocalScale: {x: 1, y: 1, z: 1}
  m_Children: []
  m_Father: {fileID: 1940029441997404376}
  m_RootOrder: 0
  m_LocalEulerAnglesHint: {x: 0, y: 0, z: 0}
--- !u!1 &3804705072471639846
GameObject:
  m_ObjectHideFlags: 0
  m_CorrespondingSourceObject: {fileID: 0}
  m_PrefabInstance: {fileID: 0}
  m_PrefabAsset: {fileID: 0}
  serializedVersion: 6
  m_Component:
  - component: {fileID: 881714117686740850}
  m_Layer: 12
  m_Name: Base Human001LToe
  m_TagString: Untagged
  m_Icon: {fileID: 0}
  m_NavMeshLayer: 0
  m_StaticEditorFlags: 0
  m_IsActive: 1
--- !u!4 &881714117686740850
Transform:
  m_ObjectHideFlags: 0
  m_CorrespondingSourceObject: {fileID: 0}
  m_PrefabInstance: {fileID: 0}
  m_PrefabAsset: {fileID: 0}
  m_GameObject: {fileID: 3804705072471639846}
  m_LocalRotation: {x: -0.00008014416, y: 0.0008824161, z: -0.024714498, w: 0.99969417}
  m_LocalPosition: {x: -0.1632962, y: 0, z: 0}
  m_LocalScale: {x: 1, y: 1, z: 1}
  m_Children: []
  m_Father: {fileID: 2578341010387037192}
  m_RootOrder: 0
  m_LocalEulerAnglesHint: {x: 0, y: 0, z: 0}
--- !u!1 &3861009323852438053
GameObject:
  m_ObjectHideFlags: 0
  m_CorrespondingSourceObject: {fileID: 0}
  m_PrefabInstance: {fileID: 0}
  m_PrefabAsset: {fileID: 0}
  serializedVersion: 6
  m_Component:
  - component: {fileID: 3988709128955653353}
  m_Layer: 12
  m_Name: Base Human001RDigit21
  m_TagString: Untagged
  m_Icon: {fileID: 0}
  m_NavMeshLayer: 0
  m_StaticEditorFlags: 0
  m_IsActive: 1
--- !u!4 &3988709128955653353
Transform:
  m_ObjectHideFlags: 0
  m_CorrespondingSourceObject: {fileID: 0}
  m_PrefabInstance: {fileID: 0}
  m_PrefabAsset: {fileID: 0}
  m_GameObject: {fileID: 3861009323852438053}
  m_LocalRotation: {x: 0.022665596, y: -0.0864089, z: 0.12854244, w: 0.9876723}
  m_LocalPosition: {x: -0.0937639, y: 0.00014408112, z: -0.030957295}
  m_LocalScale: {x: 0.999999, y: 0.999999, z: 1.000002}
  m_Children:
  - {fileID: 4473590132434592906}
  m_Father: {fileID: 4678586360925173308}
  m_RootOrder: 1
  m_LocalEulerAnglesHint: {x: 0, y: 0, z: 0}
--- !u!1 &3904070136828633284
GameObject:
  m_ObjectHideFlags: 0
  m_CorrespondingSourceObject: {fileID: 0}
  m_PrefabInstance: {fileID: 0}
  m_PrefabAsset: {fileID: 0}
  serializedVersion: 6
  m_Component:
  - component: {fileID: 8327452989119092394}
  m_Layer: 12
  m_Name: Base Human001RDigit11
  m_TagString: Untagged
  m_Icon: {fileID: 0}
  m_NavMeshLayer: 0
  m_StaticEditorFlags: 0
  m_IsActive: 1
--- !u!4 &8327452989119092394
Transform:
  m_ObjectHideFlags: 0
  m_CorrespondingSourceObject: {fileID: 0}
  m_PrefabInstance: {fileID: 0}
  m_PrefabAsset: {fileID: 0}
  m_GameObject: {fileID: 3904070136828633284}
  m_LocalRotation: {x: 0.00006740162, y: -0.00036491576, z: -0.024702294, w: 0.99969476}
  m_LocalPosition: {x: -0.16329618, y: 0, z: 0}
  m_LocalScale: {x: 1, y: 1, z: 1}
  m_Children: []
  m_Father: {fileID: 230946384135087474}
  m_RootOrder: 0
  m_LocalEulerAnglesHint: {x: 0, y: 0, z: 0}
--- !u!1 &3966711118485094415
GameObject:
  m_ObjectHideFlags: 0
  m_CorrespondingSourceObject: {fileID: 0}
  m_PrefabInstance: {fileID: 0}
  m_PrefabAsset: {fileID: 0}
  serializedVersion: 6
  m_Component:
  - component: {fileID: 2111228709171739356}
  m_Layer: 12
  m_Name: Base Human001LThigh
  m_TagString: Untagged
  m_Icon: {fileID: 0}
  m_NavMeshLayer: 0
  m_StaticEditorFlags: 0
  m_IsActive: 1
--- !u!4 &2111228709171739356
Transform:
  m_ObjectHideFlags: 0
  m_CorrespondingSourceObject: {fileID: 0}
  m_PrefabInstance: {fileID: 0}
  m_PrefabAsset: {fileID: 0}
  m_GameObject: {fileID: 3966711118485094415}
  m_LocalRotation: {x: -0.00243977, y: 0.99998295, z: -0.005281547, w: 0.00046583978}
  m_LocalPosition: {x: -0.0168326, y: 0.04589111, z: 0.085989155}
  m_LocalScale: {x: 0.999998, y: 1.000002, z: 1}
  m_Children:
  - {fileID: 2306565333257933173}
  m_Father: {fileID: 8795556979270709057}
  m_RootOrder: 0
  m_LocalEulerAnglesHint: {x: 0, y: 0, z: 0}
--- !u!1 &4016643416708698158
GameObject:
  m_ObjectHideFlags: 0
  m_CorrespondingSourceObject: {fileID: 0}
  m_PrefabInstance: {fileID: 0}
  m_PrefabAsset: {fileID: 0}
  serializedVersion: 6
  m_Component:
  - component: {fileID: 6065202478413905304}
  - component: {fileID: 2888842413426854866}
  m_Layer: 12
  m_Name: RElbow
  m_TagString: Untagged
  m_Icon: {fileID: 0}
  m_NavMeshLayer: 0
  m_StaticEditorFlags: 0
  m_IsActive: 1
--- !u!4 &6065202478413905304
Transform:
  m_ObjectHideFlags: 0
  m_CorrespondingSourceObject: {fileID: 0}
  m_PrefabInstance: {fileID: 0}
  m_PrefabAsset: {fileID: 0}
  m_GameObject: {fileID: 4016643416708698158}
  m_LocalRotation: {x: -0.7071068, y: 0, z: -0, w: 0.7071068}
  m_LocalPosition: {x: 0.4053387, y: 1.4231261, z: -0.07560883}
  m_LocalScale: {x: 1, y: 1, z: 1}
  m_Children: []
  m_Father: {fileID: 1940029441997404376}
  m_RootOrder: 10
  m_LocalEulerAnglesHint: {x: 0, y: 0, z: 0}
--- !u!137 &2888842413426854866
SkinnedMeshRenderer:
  m_ObjectHideFlags: 0
  m_CorrespondingSourceObject: {fileID: 0}
  m_PrefabInstance: {fileID: 0}
  m_PrefabAsset: {fileID: 0}
  m_GameObject: {fileID: 4016643416708698158}
  m_Enabled: 1
  m_CastShadows: 1
  m_ReceiveShadows: 1
  m_DynamicOccludee: 1
  m_MotionVectors: 1
  m_LightProbeUsage: 1
  m_ReflectionProbeUsage: 1
  m_RenderingLayerMask: 1
  m_RendererPriority: 0
  m_Materials:
  - {fileID: 2100000, guid: 9776c0e05667b8c46ad56ae3a8fc9e6d, type: 2}
  m_StaticBatchInfo:
    firstSubMesh: 0
    subMeshCount: 0
  m_StaticBatchRoot: {fileID: 0}
  m_ProbeAnchor: {fileID: 0}
  m_LightProbeVolumeOverride: {fileID: 0}
  m_ScaleInLightmap: 1
  m_PreserveUVs: 0
  m_IgnoreNormalsForChartDetection: 0
  m_ImportantGI: 0
  m_StitchLightmapSeams: 0
  m_SelectedEditorRenderState: 3
  m_MinimumChartSize: 4
  m_AutoUVMaxDistance: 0.5
  m_AutoUVMaxAngle: 89
  m_LightmapParameters: {fileID: 0}
  m_SortingLayerID: 0
  m_SortingLayer: 0
  m_SortingOrder: 0
  serializedVersion: 2
  m_Quality: 0
  m_UpdateWhenOffscreen: 0
  m_SkinnedMotionVectors: 1
  m_Mesh: {fileID: 4300006, guid: 6dc0e37f76efab64c9d21532cf2fbcbe, type: 3}
  m_Bones:
  - {fileID: 2017439859885322936}
  - {fileID: 5183263885597570365}
  - {fileID: 2111228709171739356}
  - {fileID: 2306565333257933173}
  - {fileID: 2578341010387037192}
  - {fileID: 881714117686740850}
  - {fileID: 3637848191391890253}
  - {fileID: 4648487475862850165}
  - {fileID: 230946384135087474}
  - {fileID: 8327452989119092394}
  - {fileID: 1667630143926573199}
  - {fileID: 8047675888173110670}
  - {fileID: 8315932004818108255}
  - {fileID: 777819458460651116}
  - {fileID: 8239989975233773424}
  - {fileID: 6612984051999199426}
  - {fileID: 8796638776530539932}
  - {fileID: 5248977930689399404}
  - {fileID: 8795556979270709057}
  - {fileID: 790296010839875038}
  m_BlendShapeWeights: []
  m_RootBone: {fileID: 8795556979270709057}
  m_AABB:
    m_Center: {x: -0.47771984, y: -0.028576575, z: -0.399826}
    m_Extent: {x: 0.07911442, y: 0.07650544, z: 0.15261243}
  m_DirtyAABB: 0
--- !u!1 &4644549104875194934
GameObject:
  m_ObjectHideFlags: 0
  m_CorrespondingSourceObject: {fileID: 0}
  m_PrefabInstance: {fileID: 0}
  m_PrefabAsset: {fileID: 0}
  serializedVersion: 6
  m_Component:
  - component: {fileID: 8796638776530539932}
  m_Layer: 12
  m_Name: Base Human001LForearm
  m_TagString: Untagged
  m_Icon: {fileID: 0}
  m_NavMeshLayer: 0
  m_StaticEditorFlags: 0
  m_IsActive: 1
--- !u!4 &8796638776530539932
Transform:
  m_ObjectHideFlags: 0
  m_CorrespondingSourceObject: {fileID: 0}
  m_PrefabInstance: {fileID: 0}
  m_PrefabAsset: {fileID: 0}
  m_GameObject: {fileID: 4644549104875194934}
  m_LocalRotation: {x: 0.072823375, y: -0.06177341, z: -0.12175101, w: 0.9879562}
  m_LocalPosition: {x: -0.30259436, y: 0, z: 0.000000114440915}
  m_LocalScale: {x: 1.000001, y: 1, z: 0.999999}
  m_Children:
  - {fileID: 5248977930689399404}
  m_Father: {fileID: 6612984051999199426}
  m_RootOrder: 0
  m_LocalEulerAnglesHint: {x: 0, y: 0, z: 0}
--- !u!1 &4945699904096618858
GameObject:
  m_ObjectHideFlags: 0
  m_CorrespondingSourceObject: {fileID: 0}
  m_PrefabInstance: {fileID: 0}
  m_PrefabAsset: {fileID: 0}
  serializedVersion: 6
  m_Component:
  - component: {fileID: 4906471338602738939}
  - component: {fileID: 522643635738264453}
  m_Layer: 12
  m_Name: LElbow
  m_TagString: Untagged
  m_Icon: {fileID: 0}
  m_NavMeshLayer: 0
  m_StaticEditorFlags: 0
  m_IsActive: 1
--- !u!4 &4906471338602738939
Transform:
  m_ObjectHideFlags: 0
  m_CorrespondingSourceObject: {fileID: 0}
  m_PrefabInstance: {fileID: 0}
  m_PrefabAsset: {fileID: 0}
  m_GameObject: {fileID: 4945699904096618858}
  m_LocalRotation: {x: -0.7071068, y: 0, z: -0, w: 0.7071068}
  m_LocalPosition: {x: -0.42443296, y: 1.4236147, z: -0.07618845}
  m_LocalScale: {x: 1, y: 1, z: 1}
  m_Children: []
  m_Father: {fileID: 1940029441997404376}
  m_RootOrder: 5
  m_LocalEulerAnglesHint: {x: 0, y: 0, z: 0}
--- !u!137 &522643635738264453
SkinnedMeshRenderer:
  m_ObjectHideFlags: 0
  m_CorrespondingSourceObject: {fileID: 0}
  m_PrefabInstance: {fileID: 0}
  m_PrefabAsset: {fileID: 0}
  m_GameObject: {fileID: 4945699904096618858}
  m_Enabled: 1
  m_CastShadows: 1
  m_ReceiveShadows: 1
  m_DynamicOccludee: 1
  m_MotionVectors: 1
  m_LightProbeUsage: 1
  m_ReflectionProbeUsage: 1
  m_RenderingLayerMask: 1
  m_RendererPriority: 0
  m_Materials:
  - {fileID: 2100000, guid: 9776c0e05667b8c46ad56ae3a8fc9e6d, type: 2}
  m_StaticBatchInfo:
    firstSubMesh: 0
    subMeshCount: 0
  m_StaticBatchRoot: {fileID: 0}
  m_ProbeAnchor: {fileID: 0}
  m_LightProbeVolumeOverride: {fileID: 0}
  m_ScaleInLightmap: 1
  m_PreserveUVs: 0
  m_IgnoreNormalsForChartDetection: 0
  m_ImportantGI: 0
  m_StitchLightmapSeams: 0
  m_SelectedEditorRenderState: 3
  m_MinimumChartSize: 4
  m_AutoUVMaxDistance: 0.5
  m_AutoUVMaxAngle: 89
  m_LightmapParameters: {fileID: 0}
  m_SortingLayerID: 0
  m_SortingLayer: 0
  m_SortingOrder: 0
  serializedVersion: 2
  m_Quality: 0
  m_UpdateWhenOffscreen: 0
  m_SkinnedMotionVectors: 1
  m_Mesh: {fileID: 4300002, guid: 6dc0e37f76efab64c9d21532cf2fbcbe, type: 3}
  m_Bones:
  - {fileID: 6612984051999199426}
  - {fileID: 8796638776530539932}
  - {fileID: 2111228709171739356}
  - {fileID: 2306565333257933173}
  - {fileID: 2578341010387037192}
  - {fileID: 881714117686740850}
  - {fileID: 3637848191391890253}
  - {fileID: 4648487475862850165}
  - {fileID: 8795556979270709057}
  - {fileID: 8327452989119092394}
  - {fileID: 1667630143926573199}
  - {fileID: 8047675888173110670}
  - {fileID: 8315932004818108255}
  - {fileID: 777819458460651116}
  - {fileID: 8239989975233773424}
  - {fileID: 230946384135087474}
  - {fileID: 7253933998043205149}
  - {fileID: 5248977930689399404}
  - {fileID: 5303530670720222846}
  - {fileID: 790296010839875038}
  m_BlendShapeWeights: []
  m_RootBone: {fileID: 8795556979270709057}
  m_AABB:
    m_Center: {x: -0.4780753, y: -0.02525441, z: 0.41968346}
    m_Extent: {x: 0.07549086, y: 0.0775878, z: 0.15063643}
  m_DirtyAABB: 0
--- !u!1 &5009949244784011164
GameObject:
  m_ObjectHideFlags: 0
  m_CorrespondingSourceObject: {fileID: 0}
  m_PrefabInstance: {fileID: 0}
  m_PrefabAsset: {fileID: 0}
  serializedVersion: 6
  m_Component:
  - component: {fileID: 230946384135087474}
  m_Layer: 12
  m_Name: Base Human001RFoot
  m_TagString: Untagged
  m_Icon: {fileID: 0}
  m_NavMeshLayer: 0
  m_StaticEditorFlags: 0
  m_IsActive: 1
--- !u!4 &230946384135087474
Transform:
  m_ObjectHideFlags: 0
  m_CorrespondingSourceObject: {fileID: 0}
  m_PrefabInstance: {fileID: 0}
  m_PrefabAsset: {fileID: 0}
  m_GameObject: {fileID: 5009949244784011164}
  m_LocalRotation: {x: 0.0039662803, y: 0.0040257857, z: -0.7641792, w: 0.6449792}
  m_LocalPosition: {x: -0.4832203, y: 0, z: 0}
  m_LocalScale: {x: 1, y: 1, z: 1}
  m_Children:
  - {fileID: 8327452989119092394}
  m_Father: {fileID: 4648487475862850165}
  m_RootOrder: 0
  m_LocalEulerAnglesHint: {x: 0, y: 0, z: 0}
--- !u!1 &5276854290371068165
GameObject:
  m_ObjectHideFlags: 0
  m_CorrespondingSourceObject: {fileID: 0}
  m_PrefabInstance: {fileID: 0}
  m_PrefabAsset: {fileID: 0}
  serializedVersion: 6
  m_Component:
  - component: {fileID: 5545363390870945197}
  - component: {fileID: 559127245172316880}
  m_Layer: 12
  m_Name: LKnee
  m_TagString: Untagged
  m_Icon: {fileID: 0}
  m_NavMeshLayer: 0
  m_StaticEditorFlags: 0
  m_IsActive: 1
--- !u!4 &5545363390870945197
Transform:
  m_ObjectHideFlags: 0
  m_CorrespondingSourceObject: {fileID: 0}
  m_PrefabInstance: {fileID: 0}
  m_PrefabAsset: {fileID: 0}
  m_GameObject: {fileID: 5276854290371068165}
  m_LocalRotation: {x: -0.7071068, y: 0, z: -0, w: 0.7071068}
  m_LocalPosition: {x: -0.08978938, y: 0.49433336, z: -0.040490054}
  m_LocalScale: {x: 1, y: 1, z: 1}
  m_Children: []
  m_Father: {fileID: 1940029441997404376}
  m_RootOrder: 8
  m_LocalEulerAnglesHint: {x: 0, y: 0, z: 0}
--- !u!137 &559127245172316880
SkinnedMeshRenderer:
  m_ObjectHideFlags: 0
  m_CorrespondingSourceObject: {fileID: 0}
  m_PrefabInstance: {fileID: 0}
  m_PrefabAsset: {fileID: 0}
  m_GameObject: {fileID: 5276854290371068165}
  m_Enabled: 1
  m_CastShadows: 1
  m_ReceiveShadows: 1
  m_DynamicOccludee: 1
  m_MotionVectors: 1
  m_LightProbeUsage: 1
  m_ReflectionProbeUsage: 1
  m_RenderingLayerMask: 1
  m_RendererPriority: 0
  m_Materials:
  - {fileID: 2100000, guid: 9776c0e05667b8c46ad56ae3a8fc9e6d, type: 2}
  m_StaticBatchInfo:
    firstSubMesh: 0
    subMeshCount: 0
  m_StaticBatchRoot: {fileID: 0}
  m_ProbeAnchor: {fileID: 0}
  m_LightProbeVolumeOverride: {fileID: 0}
  m_ScaleInLightmap: 1
  m_PreserveUVs: 0
  m_IgnoreNormalsForChartDetection: 0
  m_ImportantGI: 0
  m_StitchLightmapSeams: 0
  m_SelectedEditorRenderState: 3
  m_MinimumChartSize: 4
  m_AutoUVMaxDistance: 0.5
  m_AutoUVMaxAngle: 89
  m_LightmapParameters: {fileID: 0}
  m_SortingLayerID: 0
  m_SortingLayer: 0
  m_SortingOrder: 0
  serializedVersion: 2
  m_Quality: 0
  m_UpdateWhenOffscreen: 0
  m_SkinnedMotionVectors: 1
  m_Mesh: {fileID: 4300010, guid: 6dc0e37f76efab64c9d21532cf2fbcbe, type: 3}
  m_Bones:
  - {fileID: 2306565333257933173}
  - {fileID: 2111228709171739356}
  - {fileID: 8795556979270709057}
  - {fileID: 7253933998043205149}
  - {fileID: 2578341010387037192}
  - {fileID: 881714117686740850}
  - {fileID: 3637848191391890253}
  - {fileID: 4648487475862850165}
  - {fileID: 230946384135087474}
  - {fileID: 8327452989119092394}
  - {fileID: 1667630143926573199}
  - {fileID: 8047675888173110670}
  - {fileID: 8315932004818108255}
  - {fileID: 777819458460651116}
  - {fileID: 8239989975233773424}
  - {fileID: 6612984051999199426}
  - {fileID: 8796638776530539932}
  - {fileID: 5248977930689399404}
  - {fileID: 5303530670720222846}
  - {fileID: 790296010839875038}
  m_BlendShapeWeights: []
  m_RootBone: {fileID: 8795556979270709057}
  m_AABB:
    m_Center: {x: 0.45849633, y: -0.015006822, z: 0.090247355}
    m_Extent: {x: 0.23677325, y: 0.12922941, z: 0.07371975}
  m_DirtyAABB: 0
--- !u!1 &5347638252520335609
GameObject:
  m_ObjectHideFlags: 0
  m_CorrespondingSourceObject: {fileID: 0}
  m_PrefabInstance: {fileID: 0}
  m_PrefabAsset: {fileID: 0}
  serializedVersion: 6
  m_Component:
  - component: {fileID: 4473590132434592906}
  m_Layer: 12
  m_Name: Base Human001RDigit22
  m_TagString: Untagged
  m_Icon: {fileID: 0}
  m_NavMeshLayer: 0
  m_StaticEditorFlags: 0
  m_IsActive: 1
--- !u!4 &4473590132434592906
Transform:
  m_ObjectHideFlags: 0
  m_CorrespondingSourceObject: {fileID: 0}
  m_PrefabInstance: {fileID: 0}
  m_PrefabAsset: {fileID: 0}
  m_GameObject: {fileID: 5347638252520335609}
  m_LocalRotation: {x: 0.00000005587941, y: -0.000000004656621, z: 2.6020924e-16,
    w: 1}
  m_LocalPosition: {x: -0.027604293, y: 0, z: -0.000000007152557}
  m_LocalScale: {x: 0.999998, y: 0.999999, z: 1.000002}
  m_Children:
  - {fileID: 6011126697467191729}
  m_Father: {fileID: 3988709128955653353}
  m_RootOrder: 0
  m_LocalEulerAnglesHint: {x: 0, y: 0, z: 0}
--- !u!1 &5358743393306151180
GameObject:
  m_ObjectHideFlags: 0
  m_CorrespondingSourceObject: {fileID: 0}
  m_PrefabInstance: {fileID: 0}
  m_PrefabAsset: {fileID: 0}
  serializedVersion: 6
  m_Component:
  - component: {fileID: 9035852795159314826}
  m_Layer: 12
  m_Name: Base Human001RDigit31
  m_TagString: Untagged
  m_Icon: {fileID: 0}
  m_NavMeshLayer: 0
  m_StaticEditorFlags: 0
  m_IsActive: 1
--- !u!4 &9035852795159314826
Transform:
  m_ObjectHideFlags: 0
  m_CorrespondingSourceObject: {fileID: 0}
  m_PrefabInstance: {fileID: 0}
  m_PrefabAsset: {fileID: 0}
  m_GameObject: {fileID: 5358743393306151180}
  m_LocalRotation: {x: 0.0075742477, y: -0.04295477, z: 0.17348355, w: 0.98387045}
  m_LocalPosition: {x: -0.104007795, y: 0.004367409, z: -0.008895294}
  m_LocalScale: {x: 0.999999, y: 0.999998, z: 1.000002}
  m_Children:
  - {fileID: 4288370067075510897}
  m_Father: {fileID: 4678586360925173308}
  m_RootOrder: 2
  m_LocalEulerAnglesHint: {x: 0, y: 0, z: 0}
--- !u!1 &5462310172903113127
GameObject:
  m_ObjectHideFlags: 0
  m_CorrespondingSourceObject: {fileID: 0}
  m_PrefabInstance: {fileID: 0}
  m_PrefabAsset: {fileID: 0}
  serializedVersion: 6
  m_Component:
  - component: {fileID: 8315932004818108255}
  m_Layer: 12
  m_Name: Base Human001Spine3
  m_TagString: Untagged
  m_Icon: {fileID: 0}
  m_NavMeshLayer: 0
  m_StaticEditorFlags: 0
  m_IsActive: 1
--- !u!4 &8315932004818108255
Transform:
  m_ObjectHideFlags: 0
  m_CorrespondingSourceObject: {fileID: 0}
  m_PrefabInstance: {fileID: 0}
  m_PrefabAsset: {fileID: 0}
  m_GameObject: {fileID: 5462310172903113127}
  m_LocalRotation: {x: 5.970195e-10, y: 0.000000011139872, z: 0.07272315, w: 0.9973522}
  m_LocalPosition: {x: -0.146151, y: -0.0000000035762786, z: -1.0913936e-13}
  m_LocalScale: {x: 1, y: 1, z: 1}
  m_Children:
  - {fileID: 777819458460651116}
  m_Father: {fileID: 8047675888173110670}
  m_RootOrder: 0
  m_LocalEulerAnglesHint: {x: 0, y: 0, z: 0}
--- !u!1 &5697326903953933064
GameObject:
  m_ObjectHideFlags: 0
  m_CorrespondingSourceObject: {fileID: 0}
  m_PrefabInstance: {fileID: 0}
  m_PrefabAsset: {fileID: 0}
  serializedVersion: 6
  m_Component:
  - component: {fileID: 2343805636868933466}
  - component: {fileID: 4664809012874369800}
  m_Layer: 12
  m_Name: Chest
  m_TagString: Untagged
  m_Icon: {fileID: 0}
  m_NavMeshLayer: 0
  m_StaticEditorFlags: 0
  m_IsActive: 1
--- !u!4 &2343805636868933466
Transform:
  m_ObjectHideFlags: 0
  m_CorrespondingSourceObject: {fileID: 0}
  m_PrefabInstance: {fileID: 0}
  m_PrefabAsset: {fileID: 0}
  m_GameObject: {fileID: 5697326903953933064}
  m_LocalRotation: {x: -0.7071068, y: 0, z: -0, w: 0.7071068}
  m_LocalPosition: {x: -0.010946718, y: 1.3500087, z: 0.0037931441}
  m_LocalScale: {x: 1, y: 1, z: 1}
  m_Children: []
  m_Father: {fileID: 1940029441997404376}
  m_RootOrder: 3
  m_LocalEulerAnglesHint: {x: 0, y: 0, z: 0}
--- !u!137 &4664809012874369800
SkinnedMeshRenderer:
  m_ObjectHideFlags: 0
  m_CorrespondingSourceObject: {fileID: 0}
  m_PrefabInstance: {fileID: 0}
  m_PrefabAsset: {fileID: 0}
  m_GameObject: {fileID: 5697326903953933064}
  m_Enabled: 1
  m_CastShadows: 1
  m_ReceiveShadows: 1
  m_DynamicOccludee: 1
  m_MotionVectors: 1
  m_LightProbeUsage: 1
  m_ReflectionProbeUsage: 1
  m_RenderingLayerMask: 1
  m_RendererPriority: 0
  m_Materials:
  - {fileID: 2100000, guid: 9776c0e05667b8c46ad56ae3a8fc9e6d, type: 2}
  m_StaticBatchInfo:
    firstSubMesh: 0
    subMeshCount: 0
  m_StaticBatchRoot: {fileID: 0}
  m_ProbeAnchor: {fileID: 0}
  m_LightProbeVolumeOverride: {fileID: 0}
  m_ScaleInLightmap: 1
  m_PreserveUVs: 0
  m_IgnoreNormalsForChartDetection: 0
  m_ImportantGI: 0
  m_StitchLightmapSeams: 0
  m_SelectedEditorRenderState: 3
  m_MinimumChartSize: 4
  m_AutoUVMaxDistance: 0.5
  m_AutoUVMaxAngle: 89
  m_LightmapParameters: {fileID: 0}
  m_SortingLayerID: 0
  m_SortingLayer: 0
  m_SortingOrder: 0
  serializedVersion: 2
  m_Quality: 0
  m_UpdateWhenOffscreen: 0
  m_SkinnedMotionVectors: 1
  m_Mesh: {fileID: 4300004, guid: 6dc0e37f76efab64c9d21532cf2fbcbe, type: 3}
  m_Bones:
  - {fileID: 8038992538895771164}
  - {fileID: 777819458460651116}
  - {fileID: 8239989975233773424}
  - {fileID: 8315932004818108255}
  - {fileID: 8047675888173110670}
  - {fileID: 2017439859885322936}
  - {fileID: 9062523197865722760}
  - {fileID: 1667630143926573199}
  - {fileID: 6612984051999199426}
  - {fileID: 230946384135087474}
  - {fileID: 4648487475862850165}
  - {fileID: 2578341010387037192}
  - {fileID: 2306565333257933173}
  - {fileID: 2111228709171739356}
  - {fileID: 881714117686740850}
  - {fileID: 8327452989119092394}
  - {fileID: 8796638776530539932}
  - {fileID: 5248977930689399404}
  - {fileID: 8795556979270709057}
  - {fileID: 790296010839875038}
  - {fileID: 3637848191391890253}
  - {fileID: 3220496258851556373}
  m_BlendShapeWeights: []
  m_RootBone: {fileID: 8795556979270709057}
  m_AABB:
    m_Center: {x: -0.41264936, y: 0.033000946, z: -0.00034683943}
    m_Extent: {x: 0.25775567, y: 0.22828227, z: 0.35291415}
  m_DirtyAABB: 0
--- !u!1 &6025976091877399124
GameObject:
  m_ObjectHideFlags: 0
  m_CorrespondingSourceObject: {fileID: 0}
  m_PrefabInstance: {fileID: 0}
  m_PrefabAsset: {fileID: 0}
  serializedVersion: 6
  m_Component:
  - component: {fileID: 6960692601525932738}
  m_Layer: 12
  m_Name: Base Human001LDigit21
  m_TagString: Untagged
  m_Icon: {fileID: 0}
  m_NavMeshLayer: 0
  m_StaticEditorFlags: 0
  m_IsActive: 1
--- !u!4 &6960692601525932738
Transform:
  m_ObjectHideFlags: 0
  m_CorrespondingSourceObject: {fileID: 0}
  m_PrefabInstance: {fileID: 0}
  m_PrefabAsset: {fileID: 0}
  m_GameObject: {fileID: 6025976091877399124}
  m_LocalRotation: {x: -0.02266579, y: 0.08640892, z: 0.12854308, w: 0.98767227}
  m_LocalPosition: {x: -0.093764074, y: 0.00014385223, z: 0.030957215}
  m_LocalScale: {x: 0.999997, y: 1.000003, z: 1}
  m_Children:
  - {fileID: 1909153460567674874}
  m_Father: {fileID: 5248977930689399404}
  m_RootOrder: 1
  m_LocalEulerAnglesHint: {x: 0, y: 0, z: 0}
--- !u!1 &6089691984053054714
GameObject:
  m_ObjectHideFlags: 0
  m_CorrespondingSourceObject: {fileID: 0}
  m_PrefabInstance: {fileID: 0}
  m_PrefabAsset: {fileID: 0}
  serializedVersion: 6
  m_Component:
  - component: {fileID: 2904539439246584345}
  m_Layer: 12
  m_Name: Base Human001RDigit51
  m_TagString: Untagged
  m_Icon: {fileID: 0}
  m_NavMeshLayer: 0
  m_StaticEditorFlags: 0
  m_IsActive: 1
--- !u!4 &2904539439246584345
Transform:
  m_ObjectHideFlags: 0
  m_CorrespondingSourceObject: {fileID: 0}
  m_PrefabInstance: {fileID: 0}
  m_PrefabAsset: {fileID: 0}
  m_GameObject: {fileID: 6089691984053054714}
  m_LocalRotation: {x: 0.094060995, y: 0.09406229, z: 0.078927696, w: 0.9879652}
  m_LocalPosition: {x: -0.09242134, y: -0.008148994, z: 0.032462344}
  m_LocalScale: {x: 1.000003, y: 0.999999, z: 0.999998}
  m_Children:
  - {fileID: 5486498402017585605}
  m_Father: {fileID: 4678586360925173308}
  m_RootOrder: 4
  m_LocalEulerAnglesHint: {x: 0, y: 0, z: 0}
--- !u!1 &6105032696084580203
GameObject:
  m_ObjectHideFlags: 0
  m_CorrespondingSourceObject: {fileID: 0}
  m_PrefabInstance: {fileID: 0}
  m_PrefabAsset: {fileID: 0}
  serializedVersion: 6
  m_Component:
  - component: {fileID: 6597351993018028469}
  m_Layer: 12
  m_Name: Base Human001LDigit33
  m_TagString: Untagged
  m_Icon: {fileID: 0}
  m_NavMeshLayer: 0
  m_StaticEditorFlags: 0
  m_IsActive: 1
--- !u!4 &6597351993018028469
Transform:
  m_ObjectHideFlags: 0
  m_CorrespondingSourceObject: {fileID: 0}
  m_PrefabInstance: {fileID: 0}
  m_PrefabAsset: {fileID: 0}
  m_GameObject: {fileID: 6105032696084580203}
  m_LocalRotation: {x: 0.000000005587917, y: -0.0000000265428, z: 1.4831895e-16, w: 1}
  m_LocalPosition: {x: -0.023299884, y: 0, z: -0.000000007152557}
  m_LocalScale: {x: 0.999996, y: 1.000003, z: 1.000001}
  m_Children: []
  m_Father: {fileID: 6189295770776599513}
  m_RootOrder: 0
  m_LocalEulerAnglesHint: {x: 0, y: 0, z: 0}
--- !u!1 &6110600540089903996
GameObject:
  m_ObjectHideFlags: 0
  m_CorrespondingSourceObject: {fileID: 0}
  m_PrefabInstance: {fileID: 0}
  m_PrefabAsset: {fileID: 0}
  serializedVersion: 6
  m_Component:
  - component: {fileID: 8047675888173110670}
  m_Layer: 12
  m_Name: Base Human001Spine2
  m_TagString: Untagged
  m_Icon: {fileID: 0}
  m_NavMeshLayer: 0
  m_StaticEditorFlags: 0
  m_IsActive: 1
--- !u!4 &8047675888173110670
Transform:
  m_ObjectHideFlags: 0
  m_CorrespondingSourceObject: {fileID: 0}
  m_PrefabInstance: {fileID: 0}
  m_PrefabAsset: {fileID: 0}
  m_GameObject: {fileID: 6110600540089903996}
  m_LocalRotation: {x: -0.0000000042041375, y: 0.000000016168528, z: 0.1601934, w: 0.98708564}
  m_LocalPosition: {x: -0.17156559, y: 0, z: -1.0913936e-13}
  m_LocalScale: {x: 1, y: 1, z: 1}
  m_Children:
  - {fileID: 8315932004818108255}
  m_Father: {fileID: 1667630143926573199}
  m_RootOrder: 0
  m_LocalEulerAnglesHint: {x: 0, y: 0, z: 0}
--- !u!1 &6197926132998552747
GameObject:
  m_ObjectHideFlags: 0
  m_CorrespondingSourceObject: {fileID: 0}
  m_PrefabInstance: {fileID: 0}
  m_PrefabAsset: {fileID: 0}
  serializedVersion: 6
  m_Component:
  - component: {fileID: 3637848191391890253}
  m_Layer: 12
  m_Name: Base Human001RThigh
  m_TagString: Untagged
  m_Icon: {fileID: 0}
  m_NavMeshLayer: 0
  m_StaticEditorFlags: 0
  m_IsActive: 1
--- !u!4 &3637848191391890253
Transform:
  m_ObjectHideFlags: 0
  m_CorrespondingSourceObject: {fileID: 0}
  m_PrefabInstance: {fileID: 0}
  m_PrefabAsset: {fileID: 0}
  m_GameObject: {fileID: 6197926132998552747}
  m_LocalRotation: {x: -0.0024303508, y: 0.999983, z: 0.0052814973, w: -0.00046586897}
  m_LocalPosition: {x: -0.0168326, y: 0.04589111, z: -0.08598913}
  m_LocalScale: {x: 0.999998, y: 1.000002, z: 1}
  m_Children:
  - {fileID: 4648487475862850165}
  m_Father: {fileID: 8795556979270709057}
  m_RootOrder: 1
  m_LocalEulerAnglesHint: {x: 0, y: 0, z: 0}
--- !u!1 &6609988306379025099
GameObject:
  m_ObjectHideFlags: 0
  m_CorrespondingSourceObject: {fileID: 0}
  m_PrefabInstance: {fileID: 0}
  m_PrefabAsset: {fileID: 0}
  serializedVersion: 6
  m_Component:
  - component: {fileID: 6282193629769854734}
  m_Layer: 12
  m_Name: Base Human001LDigit42
  m_TagString: Untagged
  m_Icon: {fileID: 0}
  m_NavMeshLayer: 0
  m_StaticEditorFlags: 0
  m_IsActive: 1
--- !u!4 &6282193629769854734
Transform:
  m_ObjectHideFlags: 0
  m_CorrespondingSourceObject: {fileID: 0}
  m_PrefabInstance: {fileID: 0}
  m_PrefabAsset: {fileID: 0}
  m_GameObject: {fileID: 6609988306379025099}
  m_LocalRotation: {x: 0.0000019408685, y: 0.00012136792, z: 0.00012278586, w: 1}
  m_LocalPosition: {x: -0.027702369, y: 0, z: 0}
  m_LocalScale: {x: 0.999996, y: 1.000003, z: 1.000001}
  m_Children:
  - {fileID: 231640689559085965}
  m_Father: {fileID: 5192251497987946039}
  m_RootOrder: 0
  m_LocalEulerAnglesHint: {x: 0, y: 0, z: 0}
--- !u!1 &6968809771652031039
GameObject:
  m_ObjectHideFlags: 0
  m_CorrespondingSourceObject: {fileID: 0}
  m_PrefabInstance: {fileID: 0}
  m_PrefabAsset: {fileID: 0}
  serializedVersion: 6
  m_Component:
  - component: {fileID: 231640689559085965}
  m_Layer: 12
  m_Name: Base Human001LDigit43
  m_TagString: Untagged
  m_Icon: {fileID: 0}
  m_NavMeshLayer: 0
  m_StaticEditorFlags: 0
  m_IsActive: 1
--- !u!4 &231640689559085965
Transform:
  m_ObjectHideFlags: 0
  m_CorrespondingSourceObject: {fileID: 0}
  m_PrefabInstance: {fileID: 0}
  m_PrefabAsset: {fileID: 0}
  m_GameObject: {fileID: 6968809771652031039}
  m_LocalRotation: {x: 0.00000012665944, y: -0.000000018626531, z: -0.000000022351832,
    w: 1}
  m_LocalPosition: {x: -0.022846984, y: 0, z: 0}
  m_LocalScale: {x: 0.999996, y: 1.000003, z: 1.000001}
  m_Children: []
  m_Father: {fileID: 6282193629769854734}
  m_RootOrder: 0
  m_LocalEulerAnglesHint: {x: 0, y: 0, z: 0}
--- !u!1 &7126994317955920344
GameObject:
  m_ObjectHideFlags: 0
  m_CorrespondingSourceObject: {fileID: 0}
  m_PrefabInstance: {fileID: 0}
  m_PrefabAsset: {fileID: 0}
  serializedVersion: 6
  m_Component:
  - component: {fileID: 6687963936790043568}
  - component: {fileID: 137730075870921362}
  m_Layer: 12
  m_Name: LFoot
  m_TagString: Untagged
  m_Icon: {fileID: 0}
  m_NavMeshLayer: 0
  m_StaticEditorFlags: 0
  m_IsActive: 1
--- !u!4 &6687963936790043568
Transform:
  m_ObjectHideFlags: 0
  m_CorrespondingSourceObject: {fileID: 0}
  m_PrefabInstance: {fileID: 0}
  m_PrefabAsset: {fileID: 0}
  m_GameObject: {fileID: 7126994317955920344}
  m_LocalRotation: {x: -0.7071068, y: 0, z: -0, w: 0.7071068}
  m_LocalPosition: {x: -0.089136526, y: 0.14370969, z: 0.0046855803}
  m_LocalScale: {x: 1, y: 1, z: 1}
  m_Children: []
  m_Father: {fileID: 1940029441997404376}
  m_RootOrder: 6
  m_LocalEulerAnglesHint: {x: 0, y: 0, z: 0}
--- !u!137 &137730075870921362
SkinnedMeshRenderer:
  m_ObjectHideFlags: 0
  m_CorrespondingSourceObject: {fileID: 0}
  m_PrefabInstance: {fileID: 0}
  m_PrefabAsset: {fileID: 0}
  m_GameObject: {fileID: 7126994317955920344}
  m_Enabled: 1
  m_CastShadows: 1
  m_ReceiveShadows: 1
  m_DynamicOccludee: 1
  m_MotionVectors: 1
  m_LightProbeUsage: 1
  m_ReflectionProbeUsage: 1
  m_RenderingLayerMask: 1
  m_RendererPriority: 0
  m_Materials:
  - {fileID: 2100000, guid: 9776c0e05667b8c46ad56ae3a8fc9e6d, type: 2}
  m_StaticBatchInfo:
    firstSubMesh: 0
    subMeshCount: 0
  m_StaticBatchRoot: {fileID: 0}
  m_ProbeAnchor: {fileID: 0}
  m_LightProbeVolumeOverride: {fileID: 0}
  m_ScaleInLightmap: 1
  m_PreserveUVs: 0
  m_IgnoreNormalsForChartDetection: 0
  m_ImportantGI: 0
  m_StitchLightmapSeams: 0
  m_SelectedEditorRenderState: 3
  m_MinimumChartSize: 4
  m_AutoUVMaxDistance: 0.5
  m_AutoUVMaxAngle: 89
  m_LightmapParameters: {fileID: 0}
  m_SortingLayerID: 0
  m_SortingLayer: 0
  m_SortingOrder: 0
  serializedVersion: 2
  m_Quality: 0
  m_UpdateWhenOffscreen: 0
  m_SkinnedMotionVectors: 1
  m_Mesh: {fileID: 4300014, guid: 6dc0e37f76efab64c9d21532cf2fbcbe, type: 3}
  m_Bones:
  - {fileID: 2306565333257933173}
  - {fileID: 2578341010387037192}
  - {fileID: 881714117686740850}
  - {fileID: 2111228709171739356}
  - {fileID: 8795556979270709057}
  - {fileID: 7253933998043205149}
  - {fileID: 3637848191391890253}
  - {fileID: 4648487475862850165}
  - {fileID: 230946384135087474}
  - {fileID: 8327452989119092394}
  - {fileID: 1667630143926573199}
  - {fileID: 8047675888173110670}
  - {fileID: 8315932004818108255}
  - {fileID: 777819458460651116}
  - {fileID: 8239989975233773424}
  - {fileID: 6612984051999199426}
  - {fileID: 8796638776530539932}
  - {fileID: 5248977930689399404}
  - {fileID: 5303530670720222846}
  - {fileID: 790296010839875038}
  m_BlendShapeWeights: []
  m_RootBone: {fileID: 8795556979270709057}
  m_AABB:
    m_Center: {x: 0.80319464, y: 0.023871914, z: 0.0883623}
    m_Extent: {x: 0.17074758, y: 0.17609753, z: 0.063275896}
  m_DirtyAABB: 0
--- !u!1 &7150466454205896720
GameObject:
  m_ObjectHideFlags: 0
  m_CorrespondingSourceObject: {fileID: 0}
  m_PrefabInstance: {fileID: 0}
  m_PrefabAsset: {fileID: 0}
  serializedVersion: 6
  m_Component:
  - component: {fileID: 3220496258851556373}
  m_Layer: 12
  m_Name: Base Human001Head
  m_TagString: Untagged
  m_Icon: {fileID: 0}
  m_NavMeshLayer: 0
  m_StaticEditorFlags: 0
  m_IsActive: 1
--- !u!4 &3220496258851556373
Transform:
  m_ObjectHideFlags: 0
  m_CorrespondingSourceObject: {fileID: 0}
  m_PrefabInstance: {fileID: 0}
  m_PrefabAsset: {fileID: 0}
  m_GameObject: {fileID: 7150466454205896720}
  m_LocalRotation: {x: -4.5732115e-14, y: -1.4210855e-14, z: -6.4989244e-28, w: 1}
  m_LocalPosition: {x: -0.12849747, y: 0, z: 0}
  m_LocalScale: {x: 1, y: 1, z: 1}
  m_Children: []
  m_Father: {fileID: 9062523197865722760}
  m_RootOrder: 0
  m_LocalEulerAnglesHint: {x: 0, y: 0, z: 0}
--- !u!1 &7219094502215051046
GameObject:
  m_ObjectHideFlags: 0
  m_CorrespondingSourceObject: {fileID: 0}
  m_PrefabInstance: {fileID: 0}
  m_PrefabAsset: {fileID: 0}
  serializedVersion: 6
  m_Component:
  - component: {fileID: 790296010839875038}
  m_Layer: 12
  m_Name: Base Human001LDigit12
  m_TagString: Untagged
  m_Icon: {fileID: 0}
  m_NavMeshLayer: 0
  m_StaticEditorFlags: 0
  m_IsActive: 1
--- !u!4 &790296010839875038
Transform:
  m_ObjectHideFlags: 0
  m_CorrespondingSourceObject: {fileID: 0}
  m_PrefabInstance: {fileID: 0}
  m_PrefabAsset: {fileID: 0}
  m_GameObject: {fileID: 7219094502215051046}
  m_LocalRotation: {x: 0.000000044703334, y: 0.000000029802443, z: 0.00000002980244,
    w: 1}
  m_LocalPosition: {x: -0.02719694, y: 0, z: 0}
  m_LocalScale: {x: 0.999996, y: 1.000003, z: 1.000001}
  m_Children:
  - {fileID: 4780568015256855281}
  m_Father: {fileID: 5303530670720222846}
  m_RootOrder: 0
  m_LocalEulerAnglesHint: {x: 0, y: 0, z: 0}
--- !u!1 &7483187847814836966
GameObject:
  m_ObjectHideFlags: 0
  m_CorrespondingSourceObject: {fileID: 0}
  m_PrefabInstance: {fileID: 0}
  m_PrefabAsset: {fileID: 0}
  serializedVersion: 6
  m_Component:
  - component: {fileID: 1909153460567674874}
  m_Layer: 12
  m_Name: Base Human001LDigit22
  m_TagString: Untagged
  m_Icon: {fileID: 0}
  m_NavMeshLayer: 0
  m_StaticEditorFlags: 0
  m_IsActive: 1
--- !u!4 &1909153460567674874
Transform:
  m_ObjectHideFlags: 0
  m_CorrespondingSourceObject: {fileID: 0}
  m_PrefabInstance: {fileID: 0}
  m_PrefabAsset: {fileID: 0}
  m_GameObject: {fileID: 7483187847814836966}
  m_LocalRotation: {x: 0.000000022351667, y: 0.000000026077135, z: -0.00000001490122,
    w: 1}
  m_LocalPosition: {x: -0.027604235, y: 0.000000114440915, z: 0.000000007152557}
  m_LocalScale: {x: 0.999996, y: 1.000003, z: 1.000001}
  m_Children:
  - {fileID: 6173559472460763441}
  m_Father: {fileID: 6960692601525932738}
  m_RootOrder: 0
  m_LocalEulerAnglesHint: {x: 0, y: 0, z: 0}
--- !u!1 &7529246686389904540
GameObject:
  m_ObjectHideFlags: 0
  m_CorrespondingSourceObject: {fileID: 0}
  m_PrefabInstance: {fileID: 0}
  m_PrefabAsset: {fileID: 0}
  serializedVersion: 6
  m_Component:
  - component: {fileID: 8298634566755784910}
  - component: {fileID: 2463890933487666465}
  m_Layer: 12
  m_Name: LHand
  m_TagString: Untagged
  m_Icon: {fileID: 0}
  m_NavMeshLayer: 0
  m_StaticEditorFlags: 0
  m_IsActive: 1
--- !u!4 &8298634566755784910
Transform:
  m_ObjectHideFlags: 0
  m_CorrespondingSourceObject: {fileID: 0}
  m_PrefabInstance: {fileID: 0}
  m_PrefabAsset: {fileID: 0}
  m_GameObject: {fileID: 7529246686389904540}
  m_LocalRotation: {x: -0.7071068, y: 0, z: -0, w: 0.7071068}
  m_LocalPosition: {x: -0.72169423, y: 1.4058001, z: -0.047480557}
  m_LocalScale: {x: 1, y: 1, z: 1}
  m_Children: []
  m_Father: {fileID: 1940029441997404376}
  m_RootOrder: 7
  m_LocalEulerAnglesHint: {x: 0, y: 0, z: 0}
--- !u!137 &2463890933487666465
SkinnedMeshRenderer:
  m_ObjectHideFlags: 0
  m_CorrespondingSourceObject: {fileID: 0}
  m_PrefabInstance: {fileID: 0}
  m_PrefabAsset: {fileID: 0}
  m_GameObject: {fileID: 7529246686389904540}
  m_Enabled: 1
  m_CastShadows: 1
  m_ReceiveShadows: 1
  m_DynamicOccludee: 1
  m_MotionVectors: 1
  m_LightProbeUsage: 1
  m_ReflectionProbeUsage: 1
  m_RenderingLayerMask: 1
  m_RendererPriority: 0
  m_Materials:
  - {fileID: 2100000, guid: 9776c0e05667b8c46ad56ae3a8fc9e6d, type: 2}
  m_StaticBatchInfo:
    firstSubMesh: 0
    subMeshCount: 0
  m_StaticBatchRoot: {fileID: 0}
  m_ProbeAnchor: {fileID: 0}
  m_LightProbeVolumeOverride: {fileID: 0}
  m_ScaleInLightmap: 1
  m_PreserveUVs: 0
  m_IgnoreNormalsForChartDetection: 0
  m_ImportantGI: 0
  m_StitchLightmapSeams: 0
  m_SelectedEditorRenderState: 3
  m_MinimumChartSize: 4
  m_AutoUVMaxDistance: 0.5
  m_AutoUVMaxAngle: 89
  m_LightmapParameters: {fileID: 0}
  m_SortingLayerID: 0
  m_SortingLayer: 0
  m_SortingOrder: 0
  serializedVersion: 2
  m_Quality: 0
  m_UpdateWhenOffscreen: 0
  m_SkinnedMotionVectors: 1
  m_Mesh: {fileID: 4300000, guid: 6dc0e37f76efab64c9d21532cf2fbcbe, type: 3}
  m_Bones:
  - {fileID: 8796638776530539932}
  - {fileID: 5248977930689399404}
  - {fileID: 5303530670720222846}
  - {fileID: 790296010839875038}
  - {fileID: 2749879594408376808}
  - {fileID: 5192251497987946039}
  - {fileID: 6385620514133837373}
  - {fileID: 4780568015256855281}
  - {fileID: 6960692601525932738}
  - {fileID: 8379055852758582463}
  - {fileID: 6282193629769854734}
  - {fileID: 1909153460567674874}
  - {fileID: 6189295770776599513}
  - {fileID: 4986675240882302483}
  - {fileID: 231640689559085965}
  - {fileID: 6597351993018028469}
  - {fileID: 6173559472460763441}
  - {fileID: 2578341010387037192}
  - {fileID: 2306565333257933173}
  - {fileID: 777819458460651116}
  - {fileID: 2111228709171739356}
  - {fileID: 1667630143926573199}
  - {fileID: 8315932004818108255}
  - {fileID: 6612984051999199426}
  - {fileID: 4648487475862850165}
  - {fileID: 3637848191391890253}
  - {fileID: 881714117686740850}
  - {fileID: 8327452989119092394}
  - {fileID: 8239989975233773424}
  - {fileID: 8047675888173110670}
  - {fileID: 230946384135087474}
  m_BlendShapeWeights: []
  m_RootBone: {fileID: 1667630143926573199}
  m_AABB:
    m_Center: {x: -0.4066008, y: -0.110526755, z: 0.71807367}
    m_Extent: {x: 0.065134525, y: 0.09022021, z: 0.17054677}
  m_DirtyAABB: 0
--- !u!1 &7650569832022361975
GameObject:
  m_ObjectHideFlags: 0
  m_CorrespondingSourceObject: {fileID: 0}
  m_PrefabInstance: {fileID: 0}
  m_PrefabAsset: {fileID: 0}
  serializedVersion: 6
  m_Component:
  - component: {fileID: 8038992538895771164}
  m_Layer: 12
  m_Name: Base Human001RCollarbone
  m_TagString: Untagged
  m_Icon: {fileID: 0}
  m_NavMeshLayer: 0
  m_StaticEditorFlags: 0
  m_IsActive: 1
--- !u!4 &8038992538895771164
Transform:
  m_ObjectHideFlags: 0
  m_CorrespondingSourceObject: {fileID: 0}
  m_PrefabInstance: {fileID: 0}
  m_PrefabAsset: {fileID: 0}
  m_GameObject: {fileID: 7650569832022361975}
  m_LocalRotation: {x: -0.20699877, y: -0.5551247, z: 0.25932404, w: 0.7627183}
  m_LocalPosition: {x: 0.02657341, y: 0.08681511, z: -0.015056417}
  m_LocalScale: {x: 1, y: 1, z: 1}
  m_Children:
  - {fileID: 2017439859885322936}
  m_Father: {fileID: 777819458460651116}
  m_RootOrder: 2
  m_LocalEulerAnglesHint: {x: 0, y: 0, z: 0}
--- !u!1 &7733375054583134031
GameObject:
  m_ObjectHideFlags: 0
  m_CorrespondingSourceObject: {fileID: 0}
  m_PrefabInstance: {fileID: 0}
  m_PrefabAsset: {fileID: 0}
  serializedVersion: 6
  m_Component:
  - component: {fileID: 5486498402017585605}
  m_Layer: 12
  m_Name: Base Human001RDigit52
  m_TagString: Untagged
  m_Icon: {fileID: 0}
  m_NavMeshLayer: 0
  m_StaticEditorFlags: 0
  m_IsActive: 1
--- !u!4 &5486498402017585605
Transform:
  m_ObjectHideFlags: 0
  m_CorrespondingSourceObject: {fileID: 0}
  m_PrefabInstance: {fileID: 0}
  m_PrefabAsset: {fileID: 0}
  m_GameObject: {fileID: 7733375054583134031}
  m_LocalRotation: {x: -0.0000000670553, y: -0.0000000037252794, z: -0.000000022351687,
    w: 1}
  m_LocalPosition: {x: -0.025932997, y: 0.000000114440915, z: 0.000000028610229}
  m_LocalScale: {x: 1.000003, y: 0.999999, z: 0.999998}
  m_Children:
  - {fileID: 4212671539015693179}
  m_Father: {fileID: 2904539439246584345}
  m_RootOrder: 0
  m_LocalEulerAnglesHint: {x: 0, y: 0, z: 0}
--- !u!1 &7742432313279615533
GameObject:
  m_ObjectHideFlags: 0
  m_CorrespondingSourceObject: {fileID: 0}
  m_PrefabInstance: {fileID: 0}
  m_PrefabAsset: {fileID: 0}
  serializedVersion: 6
  m_Component:
  - component: {fileID: 4678586360925173308}
  m_Layer: 12
  m_Name: Base Human001RPalm
  m_TagString: Untagged
  m_Icon: {fileID: 0}
  m_NavMeshLayer: 0
  m_StaticEditorFlags: 0
  m_IsActive: 1
--- !u!4 &4678586360925173308
Transform:
  m_ObjectHideFlags: 0
  m_CorrespondingSourceObject: {fileID: 0}
  m_PrefabInstance: {fileID: 0}
  m_PrefabAsset: {fileID: 0}
  m_GameObject: {fileID: 7742432313279615533}
  m_LocalRotation: {x: 0.7367088, y: 0.07696626, z: 0.055699367, w: 0.66950274}
  m_LocalPosition: {x: -0.2735008, y: 0, z: -0.000000114440915}
  m_LocalScale: {x: 1.000002, y: 1.000001, z: 0.999997}
  m_Children:
  - {fileID: 2360396900381154571}
  - {fileID: 3988709128955653353}
  - {fileID: 9035852795159314826}
  - {fileID: 4566228285859204290}
  - {fileID: 2904539439246584345}
  m_Father: {fileID: 5183263885597570365}
  m_RootOrder: 0
  m_LocalEulerAnglesHint: {x: 0, y: 0, z: 0}
--- !u!1 &7749589728052335536
GameObject:
  m_ObjectHideFlags: 0
  m_CorrespondingSourceObject: {fileID: 0}
  m_PrefabInstance: {fileID: 0}
  m_PrefabAsset: {fileID: 0}
  serializedVersion: 6
  m_Component:
  - component: {fileID: 5355379523125449108}
  - component: {fileID: 7663566374347842859}
  m_Layer: 12
  m_Name: Head
  m_TagString: Untagged
  m_Icon: {fileID: 0}
  m_NavMeshLayer: 0
  m_StaticEditorFlags: 0
  m_IsActive: 1
--- !u!4 &5355379523125449108
Transform:
  m_ObjectHideFlags: 0
  m_CorrespondingSourceObject: {fileID: 0}
  m_PrefabInstance: {fileID: 0}
  m_PrefabAsset: {fileID: 0}
  m_GameObject: {fileID: 7749589728052335536}
  m_LocalRotation: {x: -0.7071068, y: 0, z: -0, w: 0.7071068}
  m_LocalPosition: {x: -0.0012490375, y: 1.6054553, z: -0.0066051725}
  m_LocalScale: {x: 1, y: 1, z: 1}
  m_Children: []
  m_Father: {fileID: 1940029441997404376}
  m_RootOrder: 4
  m_LocalEulerAnglesHint: {x: 0, y: 0, z: 0}
--- !u!137 &7663566374347842859
SkinnedMeshRenderer:
  m_ObjectHideFlags: 0
  m_CorrespondingSourceObject: {fileID: 0}
  m_PrefabInstance: {fileID: 0}
  m_PrefabAsset: {fileID: 0}
  m_GameObject: {fileID: 7749589728052335536}
  m_Enabled: 1
  m_CastShadows: 1
  m_ReceiveShadows: 1
  m_DynamicOccludee: 1
  m_MotionVectors: 1
  m_LightProbeUsage: 1
  m_ReflectionProbeUsage: 1
  m_RenderingLayerMask: 1
  m_RendererPriority: 0
  m_Materials:
  - {fileID: 2100000, guid: 9776c0e05667b8c46ad56ae3a8fc9e6d, type: 2}
  m_StaticBatchInfo:
    firstSubMesh: 0
    subMeshCount: 0
  m_StaticBatchRoot: {fileID: 0}
  m_ProbeAnchor: {fileID: 0}
  m_LightProbeVolumeOverride: {fileID: 0}
  m_ScaleInLightmap: 1
  m_PreserveUVs: 0
  m_IgnoreNormalsForChartDetection: 0
  m_ImportantGI: 0
  m_StitchLightmapSeams: 0
  m_SelectedEditorRenderState: 3
  m_MinimumChartSize: 4
  m_AutoUVMaxDistance: 0.5
  m_AutoUVMaxAngle: 89
  m_LightmapParameters: {fileID: 0}
  m_SortingLayerID: 0
  m_SortingLayer: 0
  m_SortingOrder: 0
  serializedVersion: 2
  m_Quality: 0
  m_UpdateWhenOffscreen: 0
  m_SkinnedMotionVectors: 1
  m_Mesh: {fileID: 4300018, guid: 6dc0e37f76efab64c9d21532cf2fbcbe, type: 3}
  m_Bones:
  - {fileID: 3220496258851556373}
  - {fileID: 9062523197865722760}
  - {fileID: 8038992538895771164}
  - {fileID: 8239989975233773424}
  - {fileID: 2578341010387037192}
  - {fileID: 881714117686740850}
  - {fileID: 3637848191391890253}
  - {fileID: 4648487475862850165}
  - {fileID: 230946384135087474}
  - {fileID: 8327452989119092394}
  - {fileID: 1667630143926573199}
  - {fileID: 8047675888173110670}
  - {fileID: 8315932004818108255}
  - {fileID: 777819458460651116}
  - {fileID: 2306565333257933173}
  - {fileID: 6612984051999199426}
  - {fileID: 8796638776530539932}
  - {fileID: 2111228709171739356}
  - {fileID: 5303530670720222846}
  - {fileID: 790296010839875038}
  - {fileID: 8795556979270709057}
  m_BlendShapeWeights: []
  m_RootBone: {fileID: 8795556979270709057}
  m_AABB:
    m_Center: {x: -0.633784, y: 0.053477556, z: 0.010788865}
    m_Extent: {x: 0.21557736, y: 0.18871883, z: 0.2105535}
  m_DirtyAABB: 0
--- !u!1 &7917204307717059217
GameObject:
  m_ObjectHideFlags: 0
  m_CorrespondingSourceObject: {fileID: 0}
  m_PrefabInstance: {fileID: 0}
  m_PrefabAsset: {fileID: 0}
  serializedVersion: 6
  m_Component:
  - component: {fileID: 5192251497987946039}
  m_Layer: 12
  m_Name: Base Human001LDigit41
  m_TagString: Untagged
  m_Icon: {fileID: 0}
  m_NavMeshLayer: 0
  m_StaticEditorFlags: 0
  m_IsActive: 1
--- !u!4 &5192251497987946039
Transform:
  m_ObjectHideFlags: 0
  m_CorrespondingSourceObject: {fileID: 0}
  m_PrefabInstance: {fileID: 0}
  m_PrefabAsset: {fileID: 0}
  m_GameObject: {fileID: 7917204307717059217}
  m_LocalRotation: {x: -0.04323288, y: -0.005810196, z: 0.13027596, w: 0.99051774}
  m_LocalPosition: {x: -0.10133737, y: -0.0028559875, z: -0.012790279}
  m_LocalScale: {x: 0.999996, y: 1.000003, z: 1.000001}
  m_Children:
  - {fileID: 6282193629769854734}
  m_Father: {fileID: 5248977930689399404}
  m_RootOrder: 3
  m_LocalEulerAnglesHint: {x: 0, y: 0, z: 0}
--- !u!1 &8290280977526966084
GameObject:
  m_ObjectHideFlags: 0
  m_CorrespondingSourceObject: {fileID: 0}
  m_PrefabInstance: {fileID: 0}
  m_PrefabAsset: {fileID: 0}
  serializedVersion: 6
  m_Component:
  - component: {fileID: 4593705775941047142}
  m_Layer: 12
  m_Name: Base Human001RDigit12
  m_TagString: Untagged
  m_Icon: {fileID: 0}
  m_NavMeshLayer: 0
  m_StaticEditorFlags: 0
  m_IsActive: 1
--- !u!4 &4593705775941047142
Transform:
  m_ObjectHideFlags: 0
  m_CorrespondingSourceObject: {fileID: 0}
  m_PrefabInstance: {fileID: 0}
  m_PrefabAsset: {fileID: 0}
  m_GameObject: {fileID: 8290280977526966084}
  m_LocalRotation: {x: 0.000000044703537, y: -0.00000007450595, z: 0.000000014901193,
    w: 1}
  m_LocalPosition: {x: -0.02719694, y: 0, z: 0}
  m_LocalScale: {x: 0.999998, y: 0.999999, z: 1.000002}
  m_Children:
  - {fileID: 5309496417445175276}
  m_Father: {fileID: 2360396900381154571}
  m_RootOrder: 0
  m_LocalEulerAnglesHint: {x: 0, y: 0, z: 0}
--- !u!1 &8312903414912718164
GameObject:
  m_ObjectHideFlags: 0
  m_CorrespondingSourceObject: {fileID: 0}
  m_PrefabInstance: {fileID: 0}
  m_PrefabAsset: {fileID: 0}
  serializedVersion: 6
  m_Component:
  - component: {fileID: 1757729973532786891}
  - component: {fileID: 203382737544646974}
  m_Layer: 12
  m_Name: RHand
  m_TagString: Untagged
  m_Icon: {fileID: 0}
  m_NavMeshLayer: 0
  m_StaticEditorFlags: 0
  m_IsActive: 1
--- !u!4 &1757729973532786891
Transform:
  m_ObjectHideFlags: 0
  m_CorrespondingSourceObject: {fileID: 0}
  m_PrefabInstance: {fileID: 0}
  m_PrefabAsset: {fileID: 0}
  m_GameObject: {fileID: 8312903414912718164}
  m_LocalRotation: {x: -0.7071068, y: 0, z: -0, w: 0.7071068}
  m_LocalPosition: {x: 0.7125165, y: 1.4067744, z: -0.047235284}
  m_LocalScale: {x: 1, y: 1, z: 1}
  m_Children: []
  m_Father: {fileID: 1940029441997404376}
  m_RootOrder: 12
  m_LocalEulerAnglesHint: {x: 0, y: 0, z: 0}
--- !u!137 &203382737544646974
SkinnedMeshRenderer:
  m_ObjectHideFlags: 0
  m_CorrespondingSourceObject: {fileID: 0}
  m_PrefabInstance: {fileID: 0}
  m_PrefabAsset: {fileID: 0}
  m_GameObject: {fileID: 8312903414912718164}
  m_Enabled: 1
  m_CastShadows: 1
  m_ReceiveShadows: 1
  m_DynamicOccludee: 1
  m_MotionVectors: 1
  m_LightProbeUsage: 1
  m_ReflectionProbeUsage: 1
  m_RenderingLayerMask: 1
  m_RendererPriority: 0
  m_Materials:
  - {fileID: 2100000, guid: 9776c0e05667b8c46ad56ae3a8fc9e6d, type: 2}
  m_StaticBatchInfo:
    firstSubMesh: 0
    subMeshCount: 0
  m_StaticBatchRoot: {fileID: 0}
  m_ProbeAnchor: {fileID: 0}
  m_LightProbeVolumeOverride: {fileID: 0}
  m_ScaleInLightmap: 1
  m_PreserveUVs: 0
  m_IgnoreNormalsForChartDetection: 0
  m_ImportantGI: 0
  m_StitchLightmapSeams: 0
  m_SelectedEditorRenderState: 3
  m_MinimumChartSize: 4
  m_AutoUVMaxDistance: 0.5
  m_AutoUVMaxAngle: 89
  m_LightmapParameters: {fileID: 0}
  m_SortingLayerID: 0
  m_SortingLayer: 0
  m_SortingOrder: 0
  serializedVersion: 2
  m_Quality: 0
  m_UpdateWhenOffscreen: 0
  m_SkinnedMotionVectors: 1
  m_Mesh: {fileID: 4300008, guid: 6dc0e37f76efab64c9d21532cf2fbcbe, type: 3}
  m_Bones:
  - {fileID: 4678586360925173308}
  - {fileID: 5183263885597570365}
  - {fileID: 2360396900381154571}
  - {fileID: 2904539439246584345}
  - {fileID: 4593705775941047142}
  - {fileID: 4566228285859204290}
  - {fileID: 9035852795159314826}
  - {fileID: 3988709128955653353}
  - {fileID: 5486498402017585605}
  - {fileID: 5309496417445175276}
  - {fileID: 2439290008156179763}
  - {fileID: 4212671539015693179}
  - {fileID: 4473590132434592906}
  - {fileID: 4288370067075510897}
  - {fileID: 8039285522614974914}
  - {fileID: 7069908223270718874}
  - {fileID: 6011126697467191729}
  - {fileID: 5248977930689399404}
  - {fileID: 5303530670720222846}
  - {fileID: 790296010839875038}
  m_BlendShapeWeights: []
  m_RootBone: {fileID: 5183263885597570365}
  m_AABB:
    m_Center: {x: -0.2835632, y: 0.0006226599, z: 0.0021038875}
    m_Extent: {x: 0.17780796, y: 0.087307364, z: 0.07584357}
  m_DirtyAABB: 0
--- !u!1 &8652734917532956501
GameObject:
  m_ObjectHideFlags: 0
  m_CorrespondingSourceObject: {fileID: 0}
  m_PrefabInstance: {fileID: 0}
  m_PrefabAsset: {fileID: 0}
  serializedVersion: 6
  m_Component:
  - component: {fileID: 4566228285859204290}
  m_Layer: 12
  m_Name: Base Human001RDigit41
  m_TagString: Untagged
  m_Icon: {fileID: 0}
  m_NavMeshLayer: 0
  m_StaticEditorFlags: 0
  m_IsActive: 1
--- !u!4 &4566228285859204290
Transform:
  m_ObjectHideFlags: 0
  m_CorrespondingSourceObject: {fileID: 0}
  m_PrefabInstance: {fileID: 0}
  m_PrefabAsset: {fileID: 0}
  m_GameObject: {fileID: 8652734917532956501}
  m_LocalRotation: {x: 0.043232903, y: 0.0058103185, z: 0.13027534, w: 0.9905178}
  m_LocalPosition: {x: -0.10133709, y: -0.002855873, z: 0.012790314}
  m_LocalScale: {x: 1.000002, y: 0.999999, z: 0.999998}
  m_Children:
  - {fileID: 2439290008156179763}
  m_Father: {fileID: 4678586360925173308}
  m_RootOrder: 3
  m_LocalEulerAnglesHint: {x: 0, y: 0, z: 0}
--- !u!1 &8678487787086048450
GameObject:
  m_ObjectHideFlags: 0
  m_CorrespondingSourceObject: {fileID: 0}
  m_PrefabInstance: {fileID: 0}
  m_PrefabAsset: {fileID: 0}
  serializedVersion: 6
  m_Component:
  - component: {fileID: 4288370067075510897}
  m_Layer: 12
  m_Name: Base Human001RDigit32
  m_TagString: Untagged
  m_Icon: {fileID: 0}
  m_NavMeshLayer: 0
  m_StaticEditorFlags: 0
  m_IsActive: 1
--- !u!4 &4288370067075510897
Transform:
  m_ObjectHideFlags: 0
  m_CorrespondingSourceObject: {fileID: 0}
  m_PrefabInstance: {fileID: 0}
  m_PrefabAsset: {fileID: 0}
  m_GameObject: {fileID: 8678487787086048450}
  m_LocalRotation: {x: 0.000000052154117, y: -0.000000035390308, z: 1.8457502e-15,
    w: 1}
  m_LocalPosition: {x: -0.031608697, y: 0, z: 0}
  m_LocalScale: {x: 0.999999, y: 0.999999, z: 1.000002}
  m_Children:
  - {fileID: 7069908223270718874}
  m_Father: {fileID: 9035852795159314826}
  m_RootOrder: 0
  m_LocalEulerAnglesHint: {x: 0, y: 0, z: 0}
--- !u!1 &8698850389427083614
GameObject:
  m_ObjectHideFlags: 0
  m_CorrespondingSourceObject: {fileID: 0}
  m_PrefabInstance: {fileID: 0}
  m_PrefabAsset: {fileID: 0}
  serializedVersion: 6
  m_Component:
  - component: {fileID: 777819458460651116}
  m_Layer: 12
  m_Name: Base Human001Ribcage
  m_TagString: Untagged
  m_Icon: {fileID: 0}
  m_NavMeshLayer: 0
  m_StaticEditorFlags: 0
  m_IsActive: 1
--- !u!4 &777819458460651116
Transform:
  m_ObjectHideFlags: 0
  m_CorrespondingSourceObject: {fileID: 0}
  m_PrefabInstance: {fileID: 0}
  m_PrefabAsset: {fileID: 0}
  m_GameObject: {fileID: 8698850389427083614}
  m_LocalRotation: {x: -1.1845559e-10, y: -0.00000002146755, z: -0.09577221, w: 0.9954033}
  m_LocalPosition: {x: -0.15705769, y: 0.000000014305114, z: 1.0913936e-13}
  m_LocalScale: {x: 1, y: 0.999999, z: 1}
  m_Children:
  - {fileID: 8239989975233773424}
  - {fileID: 9062523197865722760}
  - {fileID: 8038992538895771164}
  m_Father: {fileID: 8315932004818108255}
  m_RootOrder: 0
  m_LocalEulerAnglesHint: {x: 0, y: 0, z: 0}
--- !u!1 &8930344789889867315
GameObject:
  m_ObjectHideFlags: 0
  m_CorrespondingSourceObject: {fileID: 0}
  m_PrefabInstance: {fileID: 0}
  m_PrefabAsset: {fileID: 0}
  serializedVersion: 6
  m_Component:
  - component: {fileID: 6612984051999199426}
  m_Layer: 12
  m_Name: Base Human001LUpperarm
  m_TagString: Untagged
  m_Icon: {fileID: 0}
  m_NavMeshLayer: 0
  m_StaticEditorFlags: 0
  m_IsActive: 1
--- !u!4 &6612984051999199426
Transform:
  m_ObjectHideFlags: 0
  m_CorrespondingSourceObject: {fileID: 0}
  m_PrefabInstance: {fileID: 0}
  m_PrefabAsset: {fileID: 0}
  m_GameObject: {fileID: 8930344789889867315}
  m_LocalRotation: {x: 0.04705495, y: 0.22413659, z: -0.26219776, w: 0.93744385}
  m_LocalPosition: {x: -0.15999998, y: 0, z: 0}
  m_LocalScale: {x: 1, y: 1, z: 1}
  m_Children:
  - {fileID: 8796638776530539932}
  m_Father: {fileID: 8239989975233773424}
  m_RootOrder: 0
  m_LocalEulerAnglesHint: {x: 0, y: 0, z: 0}
--- !u!1 &9040835499409826346
GameObject:
  m_ObjectHideFlags: 0
  m_CorrespondingSourceObject: {fileID: 0}
  m_PrefabInstance: {fileID: 0}
  m_PrefabAsset: {fileID: 0}
  serializedVersion: 6
  m_Component:
  - component: {fileID: 6189295770776599513}
  m_Layer: 12
  m_Name: Base Human001LDigit32
  m_TagString: Untagged
  m_Icon: {fileID: 0}
  m_NavMeshLayer: 0
  m_StaticEditorFlags: 0
  m_IsActive: 1
--- !u!4 &6189295770776599513
Transform:
  m_ObjectHideFlags: 0
  m_CorrespondingSourceObject: {fileID: 0}
  m_PrefabInstance: {fileID: 0}
  m_PrefabAsset: {fileID: 0}
  m_GameObject: {fileID: 9040835499409826346}
  m_LocalRotation: {x: 0.00000003911541, y: -0.000000025145809, z: 9.835885e-16, w: 1}
  m_LocalPosition: {x: -0.031608667, y: 0.000000114440915, z: 0.0000000035762786}
  m_LocalScale: {x: 0.999996, y: 1.000004, z: 1.000001}
  m_Children:
  - {fileID: 6597351993018028469}
  m_Father: {fileID: 6385620514133837373}
  m_RootOrder: 0
  m_LocalEulerAnglesHint: {x: 0, y: 0, z: 0}
--- !u!1 &9113671519401156961
GameObject:
  m_ObjectHideFlags: 0
  m_CorrespondingSourceObject: {fileID: 0}
  m_PrefabInstance: {fileID: 0}
  m_PrefabAsset: {fileID: 0}
  serializedVersion: 6
  m_Component:
  - component: {fileID: 6966219535952739015}
  m_Layer: 12
  m_Name: Base Human001RPlatform
  m_TagString: Untagged
  m_Icon: {fileID: 0}
  m_NavMeshLayer: 0
  m_StaticEditorFlags: 0
  m_IsActive: 1
--- !u!4 &6966219535952739015
Transform:
  m_ObjectHideFlags: 0
  m_CorrespondingSourceObject: {fileID: 0}
  m_PrefabInstance: {fileID: 0}
  m_PrefabAsset: {fileID: 0}
  m_GameObject: {fileID: 9113671519401156961}
  m_LocalRotation: {x: 0.50000006, y: -0.4999999, z: -0.49999994, w: 0.5000001}
  m_LocalPosition: {x: 0.08692902, y: 0.000000001112999, z: 0.0068369615}
  m_LocalScale: {x: 1, y: 1, z: 1}
  m_Children: []
  m_Father: {fileID: 1940029441997404376}
  m_RootOrder: 2
  m_LocalEulerAnglesHint: {x: 0, y: 0, z: 0}
--- !u!1 &9130229269216585218
GameObject:
  m_ObjectHideFlags: 0
  m_CorrespondingSourceObject: {fileID: 0}
  m_PrefabInstance: {fileID: 0}
  m_PrefabAsset: {fileID: 0}
  serializedVersion: 6
  m_Component:
  - component: {fileID: 4780568015256855281}
  m_Layer: 12
  m_Name: Base Human001LDigit13
  m_TagString: Untagged
  m_Icon: {fileID: 0}
  m_NavMeshLayer: 0
  m_StaticEditorFlags: 0
  m_IsActive: 1
--- !u!4 &4780568015256855281
Transform:
  m_ObjectHideFlags: 0
  m_CorrespondingSourceObject: {fileID: 0}
  m_PrefabInstance: {fileID: 0}
  m_PrefabAsset: {fileID: 0}
  m_GameObject: {fileID: 9130229269216585218}
  m_LocalRotation: {x: 0.000000014901113, y: -0.000000014901222, z: 2.220448e-16,
    w: 1}
  m_LocalPosition: {x: -0.027196826, y: -0.000000114440915, z: 0}
  m_LocalScale: {x: 0.999996, y: 1.000003, z: 1.000001}
  m_Children: []
  m_Father: {fileID: 790296010839875038}
  m_RootOrder: 0
  m_LocalEulerAnglesHint: {x: 0, y: 0, z: 0}
