%YAML 1.1
%TAG !u! tag:unity3d.com,2011:
--- !u!1 &648678173032752197
GameObject:
  m_ObjectHideFlags: 0
  m_CorrespondingSourceObject: {fileID: 0}
  m_PrefabInstance: {fileID: 0}
  m_PrefabAsset: {fileID: 0}
  serializedVersion: 6
  m_Component:
  - component: {fileID: 654885847384808133}
  m_Layer: 12
  m_Name: Base Human001LPlatform
  m_TagString: Untagged
  m_Icon: {fileID: 0}
  m_NavMeshLayer: 0
  m_StaticEditorFlags: 0
  m_IsActive: 1
--- !u!4 &654885847384808133
Transform:
  m_ObjectHideFlags: 0
  m_CorrespondingSourceObject: {fileID: 0}
  m_PrefabInstance: {fileID: 0}
  m_PrefabAsset: {fileID: 0}
  m_GameObject: {fileID: 648678173032752197}
  m_LocalRotation: {x: 0.51758516, y: -0.5175851, z: -0.4817734, w: 0.48177347}
  m_LocalPosition: {x: -0.08708618, y: -9.70038e-10, z: 0.0077663693}
  m_LocalScale: {x: 1, y: 1, z: 1}
  m_Children: []
  m_Father: {fileID: 654962710761534903}
  m_RootOrder: 0
  m_LocalEulerAnglesHint: {x: 0, y: 0, z: 0}
--- !u!1 &648820129517344717
GameObject:
  m_ObjectHideFlags: 0
  m_CorrespondingSourceObject: {fileID: 0}
  m_PrefabInstance: {fileID: 0}
  m_PrefabAsset: {fileID: 0}
  serializedVersion: 6
  m_Component:
  - component: {fileID: 655017832347192675}
  m_Layer: 12
  m_Name: Base Human001Ribcage
  m_TagString: Untagged
  m_Icon: {fileID: 0}
  m_NavMeshLayer: 0
  m_StaticEditorFlags: 0
  m_IsActive: 1
--- !u!4 &655017832347192675
Transform:
  m_ObjectHideFlags: 0
  m_CorrespondingSourceObject: {fileID: 0}
  m_PrefabInstance: {fileID: 0}
  m_PrefabAsset: {fileID: 0}
  m_GameObject: {fileID: 648820129517344717}
  m_LocalRotation: {x: -5.969991e-10, y: -0.0000000107065325, z: -0.11403614, w: 0.9934766}
  m_LocalPosition: {x: -0.15982853, y: 0.000000028610229, z: 0}
  m_LocalScale: {x: 0.999999, y: 0.999999, z: 1}
  m_Children:
  - {fileID: 654868158443727923}
  - {fileID: 654780222811175319}
  - {fileID: 650874761455328123}
  m_Father: {fileID: 654935610632825643}
  m_RootOrder: 0
  m_LocalEulerAnglesHint: {x: 0, y: 0, z: 0}
--- !u!1 &648826225117628385
GameObject:
  m_ObjectHideFlags: 0
  m_CorrespondingSourceObject: {fileID: 0}
  m_PrefabInstance: {fileID: 0}
  m_PrefabAsset: {fileID: 0}
  serializedVersion: 6
  m_Component:
  - component: {fileID: 654912630400449689}
  m_Layer: 12
  m_Name: Base Human001LDigit52
  m_TagString: Untagged
  m_Icon: {fileID: 0}
  m_NavMeshLayer: 0
  m_StaticEditorFlags: 0
  m_IsActive: 1
--- !u!4 &654912630400449689
Transform:
  m_ObjectHideFlags: 0
  m_CorrespondingSourceObject: {fileID: 0}
  m_PrefabInstance: {fileID: 0}
  m_PrefabAsset: {fileID: 0}
  m_GameObject: {fileID: 648826225117628385}
  m_LocalRotation: {x: 0.013673747, y: 0.0000038497965, z: 0.0000006328729, w: 0.99990654}
  m_LocalPosition: {x: -0.026911039, y: -0.000000114440915, z: 0.0000002002716}
  m_LocalScale: {x: 0.999998, y: 1, z: 1.000002}
  m_Children:
  - {fileID: 654767669887682113}
  m_Father: {fileID: 655267686604988879}
  m_RootOrder: 0
  m_LocalEulerAnglesHint: {x: 0, y: 0, z: 0}
--- !u!1 &648868282395829715
GameObject:
  m_ObjectHideFlags: 0
  m_CorrespondingSourceObject: {fileID: 0}
  m_PrefabInstance: {fileID: 0}
  m_PrefabAsset: {fileID: 0}
  serializedVersion: 6
  m_Component:
  - component: {fileID: 651254367299393373}
  - component: {fileID: 639625053444325757}
  m_Layer: 12
  m_Name: RHand
  m_TagString: Untagged
  m_Icon: {fileID: 0}
  m_NavMeshLayer: 0
  m_StaticEditorFlags: 0
  m_IsActive: 1
--- !u!4 &651254367299393373
Transform:
  m_ObjectHideFlags: 0
  m_CorrespondingSourceObject: {fileID: 0}
  m_PrefabInstance: {fileID: 0}
  m_PrefabAsset: {fileID: 0}
  m_GameObject: {fileID: 648868282395829715}
  m_LocalRotation: {x: -0.7071068, y: 0, z: -0, w: 0.7071068}
  m_LocalPosition: {x: 0.71227795, y: 1.3974955, z: -0.0451641}
  m_LocalScale: {x: 1, y: 1, z: 1}
  m_Children: []
  m_Father: {fileID: 654962710761534903}
  m_RootOrder: 12
  m_LocalEulerAnglesHint: {x: 0, y: 0, z: 0}
--- !u!137 &639625053444325757
SkinnedMeshRenderer:
  m_ObjectHideFlags: 0
  m_CorrespondingSourceObject: {fileID: 0}
  m_PrefabInstance: {fileID: 0}
  m_PrefabAsset: {fileID: 0}
  m_GameObject: {fileID: 648868282395829715}
  m_Enabled: 1
  m_CastShadows: 1
  m_ReceiveShadows: 1
  m_DynamicOccludee: 1
  m_MotionVectors: 1
  m_LightProbeUsage: 1
  m_ReflectionProbeUsage: 1
  m_RenderingLayerMask: 1
  m_RendererPriority: 0
  m_Materials:
  - {fileID: 2100000, guid: 877f893021e686b43b5ee82aaf0ab6e1, type: 2}
  m_StaticBatchInfo:
    firstSubMesh: 0
    subMeshCount: 0
  m_StaticBatchRoot: {fileID: 0}
  m_ProbeAnchor: {fileID: 0}
  m_LightProbeVolumeOverride: {fileID: 0}
  m_ScaleInLightmap: 1
  m_PreserveUVs: 0
  m_IgnoreNormalsForChartDetection: 0
  m_ImportantGI: 0
  m_StitchLightmapSeams: 0
  m_SelectedEditorRenderState: 3
  m_MinimumChartSize: 4
  m_AutoUVMaxDistance: 0.5
  m_AutoUVMaxAngle: 89
  m_LightmapParameters: {fileID: 0}
  m_SortingLayerID: 0
  m_SortingLayer: 0
  m_SortingOrder: 0
  serializedVersion: 2
  m_Quality: 0
  m_UpdateWhenOffscreen: 0
  m_SkinnedMotionVectors: 1
  m_Mesh: {fileID: 4300020, guid: a123bc3d048b39640a6552bd9a5ebc6d, type: 3}
  m_Bones:
  - {fileID: 654961070951947183}
  - {fileID: 651040569098503523}
  - {fileID: 651108639887227383}
  - {fileID: 654738811908388535}
  - {fileID: 655211861987707701}
  - {fileID: 654732317142561055}
  - {fileID: 650794425653169075}
  - {fileID: 650959914121293031}
  - {fileID: 651070783409687035}
  - {fileID: 651054957678010967}
  - {fileID: 651016936532193435}
  - {fileID: 655094615487123249}
  - {fileID: 651173101098766157}
  - {fileID: 654935610632825643}
  - {fileID: 655017832347192675}
  - {fileID: 654868158443727923}
  - {fileID: 651055453252367361}
  - {fileID: 650955994850892863}
  - {fileID: 650823990835997947}
  - {fileID: 654865542165682725}
  m_BlendShapeWeights: []
  m_RootBone: {fileID: 651173101098766157}
  m_AABB:
    m_Center: {x: -0.27201033, y: -0.008346591, z: -0.71035016}
    m_Extent: {x: 0.087175116, y: 0.079466105, z: 0.17931244}
  m_DirtyAABB: 0
--- !u!1 &648892305902610077
GameObject:
  m_ObjectHideFlags: 0
  m_CorrespondingSourceObject: {fileID: 0}
  m_PrefabInstance: {fileID: 0}
  m_PrefabAsset: {fileID: 0}
  serializedVersion: 6
  m_Component:
  - component: {fileID: 655038896582521151}
  m_Layer: 12
  m_Name: Base Human001Pelvis
  m_TagString: Untagged
  m_Icon: {fileID: 0}
  m_NavMeshLayer: 0
  m_StaticEditorFlags: 0
  m_IsActive: 1
--- !u!4 &655038896582521151
Transform:
  m_ObjectHideFlags: 0
  m_CorrespondingSourceObject: {fileID: 0}
  m_PrefabInstance: {fileID: 0}
  m_PrefabAsset: {fileID: 0}
  m_GameObject: {fileID: 648892305902610077}
  m_LocalRotation: {x: 0.49912703, y: -0.50087154, z: -0.49912694, w: 0.5008715}
  m_LocalPosition: {x: 0.000000044889905, y: 0.9103946, z: -0.035709515}
  m_LocalScale: {x: 1, y: 1, z: 1}
  m_Children:
  - {fileID: 654731572466604591}
  - {fileID: 651076408934354237}
  - {fileID: 650955605291363107}
  m_Father: {fileID: 654962710761534903}
  m_RootOrder: 1
  m_LocalEulerAnglesHint: {x: 0, y: 0, z: 0}
--- !u!1 &648898543654334181
GameObject:
  m_ObjectHideFlags: 0
  m_CorrespondingSourceObject: {fileID: 0}
  m_PrefabInstance: {fileID: 0}
  m_PrefabAsset: {fileID: 0}
  serializedVersion: 6
  m_Component:
  - component: {fileID: 651050471739601361}
  m_Layer: 12
  m_Name: Base Human001RDigit11
  m_TagString: Untagged
  m_Icon: {fileID: 0}
  m_NavMeshLayer: 0
  m_StaticEditorFlags: 0
  m_IsActive: 1
--- !u!4 &651050471739601361
Transform:
  m_ObjectHideFlags: 0
  m_CorrespondingSourceObject: {fileID: 0}
  m_PrefabInstance: {fileID: 0}
  m_PrefabAsset: {fileID: 0}
  m_GameObject: {fileID: 648898543654334181}
  m_LocalRotation: {x: 0.000027334496, y: 0.0006751127, z: -0.0026572244, w: 0.99999624}
  m_LocalPosition: {x: -0.1633237, y: -0.005148593, z: -0.00000024318695}
  m_LocalScale: {x: 1, y: 1, z: 1}
  m_Children: []
  m_Father: {fileID: 650840980539576863}
  m_RootOrder: 0
  m_LocalEulerAnglesHint: {x: 0, y: 0, z: 0}
--- !u!1 &648898843924422507
GameObject:
  m_ObjectHideFlags: 0
  m_CorrespondingSourceObject: {fileID: 0}
  m_PrefabInstance: {fileID: 0}
  m_PrefabAsset: {fileID: 0}
  serializedVersion: 6
  m_Component:
  - component: {fileID: 651259736240407339}
  - component: {fileID: 639892578221957751}
  m_Layer: 12
  m_Name: LHand
  m_TagString: Untagged
  m_Icon: {fileID: 0}
  m_NavMeshLayer: 0
  m_StaticEditorFlags: 0
  m_IsActive: 1
--- !u!4 &651259736240407339
Transform:
  m_ObjectHideFlags: 0
  m_CorrespondingSourceObject: {fileID: 0}
  m_PrefabInstance: {fileID: 0}
  m_PrefabAsset: {fileID: 0}
  m_GameObject: {fileID: 648898843924422507}
  m_LocalRotation: {x: -0.7071068, y: 0, z: -0, w: 0.7071068}
  m_LocalPosition: {x: -0.7124109, y: 1.3975571, z: -0.045409378}
  m_LocalScale: {x: 1, y: 1, z: 1}
  m_Children: []
  m_Father: {fileID: 654962710761534903}
  m_RootOrder: 7
  m_LocalEulerAnglesHint: {x: 0, y: 0, z: 0}
--- !u!137 &639892578221957751
SkinnedMeshRenderer:
  m_ObjectHideFlags: 0
  m_CorrespondingSourceObject: {fileID: 0}
  m_PrefabInstance: {fileID: 0}
  m_PrefabAsset: {fileID: 0}
  m_GameObject: {fileID: 648898843924422507}
  m_Enabled: 1
  m_CastShadows: 1
  m_ReceiveShadows: 1
  m_DynamicOccludee: 1
  m_MotionVectors: 1
  m_LightProbeUsage: 1
  m_ReflectionProbeUsage: 1
  m_RenderingLayerMask: 1
  m_RendererPriority: 0
  m_Materials:
  - {fileID: 2100000, guid: 877f893021e686b43b5ee82aaf0ab6e1, type: 2}
  m_StaticBatchInfo:
    firstSubMesh: 0
    subMeshCount: 0
  m_StaticBatchRoot: {fileID: 0}
  m_ProbeAnchor: {fileID: 0}
  m_LightProbeVolumeOverride: {fileID: 0}
  m_ScaleInLightmap: 1
  m_PreserveUVs: 0
  m_IgnoreNormalsForChartDetection: 0
  m_ImportantGI: 0
  m_StitchLightmapSeams: 0
  m_SelectedEditorRenderState: 3
  m_MinimumChartSize: 4
  m_AutoUVMaxDistance: 0.5
  m_AutoUVMaxAngle: 89
  m_LightmapParameters: {fileID: 0}
  m_SortingLayerID: 0
  m_SortingLayer: 0
  m_SortingOrder: 0
  serializedVersion: 2
  m_Quality: 0
  m_UpdateWhenOffscreen: 0
  m_SkinnedMotionVectors: 1
  m_Mesh: {fileID: 4300016, guid: a123bc3d048b39640a6552bd9a5ebc6d, type: 3}
  m_Bones:
  - {fileID: 650955994850892863}
  - {fileID: 650823990835997947}
  - {fileID: 654865542165682725}
  - {fileID: 654901816846179463}
  - {fileID: 655267686604988879}
  - {fileID: 654975107748646091}
  - {fileID: 651097728630152823}
  - {fileID: 655074459229925157}
  - {fileID: 654891159184509927}
  - {fileID: 650892597513130969}
  - {fileID: 655169047314792273}
  - {fileID: 651107295753085437}
  - {fileID: 651173101098766157}
  - {fileID: 654935610632825643}
  - {fileID: 655017832347192675}
  - {fileID: 654868158443727923}
  - {fileID: 651050471739601361}
  - {fileID: 650840980539576863}
  - {fileID: 650949679497157827}
  - {fileID: 651076408934354237}
  - {fileID: 650955605291363107}
  - {fileID: 655264820791749739}
  - {fileID: 651057782316308625}
  - {fileID: 655021273262294787}
  m_BlendShapeWeights: []
  m_RootBone: {fileID: 650955605291363107}
  m_AABB:
    m_Center: {x: -0.43103296, y: -0.08856069, z: 0.7106019}
    m_Extent: {x: 0.071006656, y: 0.086694516, z: 0.17905971}
  m_DirtyAABB: 0
--- !u!1 &648907088783540877
GameObject:
  m_ObjectHideFlags: 0
  m_CorrespondingSourceObject: {fileID: 0}
  m_PrefabInstance: {fileID: 0}
  m_PrefabAsset: {fileID: 0}
  serializedVersion: 6
  m_Component:
  - component: {fileID: 655264820791749739}
  m_Layer: 12
  m_Name: Base Human001LToe
  m_TagString: Untagged
  m_Icon: {fileID: 0}
  m_NavMeshLayer: 0
  m_StaticEditorFlags: 0
  m_IsActive: 1
--- !u!4 &655264820791749739
Transform:
  m_ObjectHideFlags: 0
  m_CorrespondingSourceObject: {fileID: 0}
  m_PrefabInstance: {fileID: 0}
  m_PrefabAsset: {fileID: 0}
  m_GameObject: {fileID: 648907088783540877}
  m_LocalRotation: {x: -0.00002775371, y: -0.0005071722, z: -0.0026172386, w: 0.9999965}
  m_LocalPosition: {x: -0.1633237, y: -0.005148582, z: 0.00000026464463}
  m_LocalScale: {x: 1, y: 1, z: 1}
  m_Children: []
  m_Father: {fileID: 651057782316308625}
  m_RootOrder: 0
  m_LocalEulerAnglesHint: {x: 0, y: 0, z: 0}
--- !u!1 &648909228737505205
GameObject:
  m_ObjectHideFlags: 0
  m_CorrespondingSourceObject: {fileID: 0}
  m_PrefabInstance: {fileID: 0}
  m_PrefabAsset: {fileID: 0}
  serializedVersion: 6
  m_Component:
  - component: {fileID: 654901816846179463}
  m_Layer: 12
  m_Name: Base Human001LDigit12
  m_TagString: Untagged
  m_Icon: {fileID: 0}
  m_NavMeshLayer: 0
  m_StaticEditorFlags: 0
  m_IsActive: 1
--- !u!4 &654901816846179463
Transform:
  m_ObjectHideFlags: 0
  m_CorrespondingSourceObject: {fileID: 0}
  m_PrefabInstance: {fileID: 0}
  m_PrefabAsset: {fileID: 0}
  m_GameObject: {fileID: 648909228737505205}
  m_LocalRotation: {x: -0.0000014826645, y: 0.0000010058252, z: -0.000002041445, w: 1}
  m_LocalPosition: {x: -0.027197113, y: 0.00000022888183, z: 0.000000114440915}
  m_LocalScale: {x: 1.000006, y: 0.999999, z: 0.999994}
  m_Children:
  - {fileID: 655074459229925157}
  m_Father: {fileID: 654865542165682725}
  m_RootOrder: 0
  m_LocalEulerAnglesHint: {x: 0, y: 0, z: 0}
--- !u!1 &648916911753561683
GameObject:
  m_ObjectHideFlags: 0
  m_CorrespondingSourceObject: {fileID: 0}
  m_PrefabInstance: {fileID: 0}
  m_PrefabAsset: {fileID: 0}
  serializedVersion: 6
  m_Component:
  - component: {fileID: 650949679497157827}
  m_Layer: 12
  m_Name: Base Human001RCalf
  m_TagString: Untagged
  m_Icon: {fileID: 0}
  m_NavMeshLayer: 0
  m_StaticEditorFlags: 0
  m_IsActive: 1
--- !u!4 &650949679497157827
Transform:
  m_ObjectHideFlags: 0
  m_CorrespondingSourceObject: {fileID: 0}
  m_PrefabInstance: {fileID: 0}
  m_PrefabAsset: {fileID: 0}
  m_GameObject: {fileID: 648916911753561683}
  m_LocalRotation: {x: -0.00003356855, y: -0.000012698197, z: 0.00009951697, w: 1}
  m_LocalPosition: {x: -0.44536215, y: 0.0000006437302, z: 0.00000022888183}
  m_LocalScale: {x: 1, y: 1, z: 1}
  m_Children:
  - {fileID: 650840980539576863}
  m_Father: {fileID: 651076408934354237}
  m_RootOrder: 0
  m_LocalEulerAnglesHint: {x: 0, y: 0, z: 0}
--- !u!1 &648927507702758627
GameObject:
  m_ObjectHideFlags: 0
  m_CorrespondingSourceObject: {fileID: 0}
  m_PrefabInstance: {fileID: 0}
  m_PrefabAsset: {fileID: 0}
  serializedVersion: 6
  m_Component:
  - component: {fileID: 650834555612036551}
  m_Layer: 12
  m_Name: Base Human001RPlatform
  m_TagString: Untagged
  m_Icon: {fileID: 0}
  m_NavMeshLayer: 0
  m_StaticEditorFlags: 0
  m_IsActive: 1
--- !u!4 &650834555612036551
Transform:
  m_ObjectHideFlags: 0
  m_CorrespondingSourceObject: {fileID: 0}
  m_PrefabInstance: {fileID: 0}
  m_PrefabAsset: {fileID: 0}
  m_GameObject: {fileID: 648927507702758627}
  m_LocalRotation: {x: 0.48177359, y: -0.4817735, z: -0.51758504, w: 0.51758516}
  m_LocalPosition: {x: 0.08708618, y: -9.700427e-10, z: 0.007766396}
  m_LocalScale: {x: 1, y: 1, z: 1}
  m_Children: []
  m_Father: {fileID: 654962710761534903}
  m_RootOrder: 2
  m_LocalEulerAnglesHint: {x: 0, y: 0, z: 0}
--- !u!1 &648932449592107699
GameObject:
  m_ObjectHideFlags: 0
  m_CorrespondingSourceObject: {fileID: 0}
  m_PrefabInstance: {fileID: 0}
  m_PrefabAsset: {fileID: 0}
  serializedVersion: 6
  m_Component:
  - component: {fileID: 651055453252367361}
  m_Layer: 12
  m_Name: Base Human001LUpperarm
  m_TagString: Untagged
  m_Icon: {fileID: 0}
  m_NavMeshLayer: 0
  m_StaticEditorFlags: 0
  m_IsActive: 1
--- !u!4 &651055453252367361
Transform:
  m_ObjectHideFlags: 0
  m_CorrespondingSourceObject: {fileID: 0}
  m_PrefabInstance: {fileID: 0}
  m_PrefabAsset: {fileID: 0}
  m_GameObject: {fileID: 648932449592107699}
  m_LocalRotation: {x: 0.015034445, y: 0.2017987, z: -0.2885561, w: 0.93583477}
  m_LocalPosition: {x: -0.15892747, y: 0.000000057220458, z: 0.000000114440915}
  m_LocalScale: {x: 1, y: 1, z: 1}
  m_Children:
  - {fileID: 650955994850892863}
  m_Father: {fileID: 654868158443727923}
  m_RootOrder: 0
  m_LocalEulerAnglesHint: {x: 0, y: 0, z: 0}
--- !u!1 &648944665896488483
GameObject:
  m_ObjectHideFlags: 0
  m_CorrespondingSourceObject: {fileID: 0}
  m_PrefabInstance: {fileID: 0}
  m_PrefabAsset: {fileID: 0}
  serializedVersion: 6
  m_Component:
  - component: {fileID: 654962710761534903}
  - component: {fileID: 600274915777551983}
  - component: {fileID: 650634916932206551}
  - component: {fileID: 650634916932206550}
  - component: {fileID: 650634916932206549}
  - component: {fileID: 650634916932206548}
  m_Layer: 12
  m_Name: Zombie Girl 3B
  m_TagString: Enemy
  m_Icon: {fileID: 0}
  m_NavMeshLayer: 0
  m_StaticEditorFlags: 0
  m_IsActive: 0
--- !u!4 &654962710761534903
Transform:
  m_ObjectHideFlags: 0
  m_CorrespondingSourceObject: {fileID: 0}
  m_PrefabInstance: {fileID: 0}
  m_PrefabAsset: {fileID: 0}
  m_GameObject: {fileID: 648944665896488483}
  m_LocalRotation: {x: 0, y: 0, z: 0, w: 1}
  m_LocalPosition: {x: 0, y: 0, z: 0}
  m_LocalScale: {x: 1, y: 1, z: 1}
  m_Children:
  - {fileID: 654885847384808133}
  - {fileID: 655038896582521151}
  - {fileID: 650834555612036551}
  - {fileID: 650805633440196721}
  - {fileID: 650877031006688165}
  - {fileID: 654717763810145367}
  - {fileID: 654893860612814927}
  - {fileID: 651259736240407339}
  - {fileID: 651183936985605979}
  - {fileID: 651140148582968481}
  - {fileID: 650890517584313161}
  - {fileID: 650917494311713933}
  - {fileID: 651254367299393373}
  - {fileID: 654983462967243319}
  m_Father: {fileID: 0}
  m_RootOrder: 0
  m_LocalEulerAnglesHint: {x: 0, y: 0, z: 0}
--- !u!95 &600274915777551983
Animator:
  serializedVersion: 3
  m_ObjectHideFlags: 0
  m_CorrespondingSourceObject: {fileID: 0}
  m_PrefabInstance: {fileID: 0}
  m_PrefabAsset: {fileID: 0}
  m_GameObject: {fileID: 648944665896488483}
  m_Enabled: 1
  m_Avatar: {fileID: 9000000, guid: a123bc3d048b39640a6552bd9a5ebc6d, type: 3}
  m_Controller: {fileID: 9100000, guid: e33b457d8e22bdd46b2eabde04ebaf44, type: 2}
  m_CullingMode: 1
  m_UpdateMode: 0
  m_ApplyRootMotion: 0
  m_LinearVelocityBlending: 0
  m_WarningMessage: 
  m_HasTransformHierarchy: 1
  m_AllowConstantClipSamplingOptimization: 1
  m_KeepAnimatorControllerStateOnDisable: 0
--- !u!135 &650634916932206551
SphereCollider:
  m_ObjectHideFlags: 0
  m_CorrespondingSourceObject: {fileID: 0}
  m_PrefabInstance: {fileID: 0}
  m_PrefabAsset: {fileID: 0}
  m_GameObject: {fileID: 648944665896488483}
  m_Material: {fileID: 0}
  m_IsTrigger: 0
  m_Enabled: 1
  serializedVersion: 2
  m_Radius: 0.09
  m_Center: {x: -0.01, y: 1.62, z: 0}
--- !u!143 &650634916932206550
CharacterController:
  m_ObjectHideFlags: 0
  m_CorrespondingSourceObject: {fileID: 0}
  m_PrefabInstance: {fileID: 0}
  m_PrefabAsset: {fileID: 0}
  m_GameObject: {fileID: 648944665896488483}
  m_Material: {fileID: 0}
  m_IsTrigger: 0
  m_Enabled: 1
  serializedVersion: 2
  m_Height: 1.65
  m_Radius: 0.25
  m_SlopeLimit: 45
  m_StepOffset: 0.3
  m_SkinWidth: 0.08
  m_MinMoveDistance: 0
  m_Center: {x: 0, y: 0.75, z: 0}
--- !u!195 &650634916932206549
NavMeshAgent:
  m_ObjectHideFlags: 0
  m_CorrespondingSourceObject: {fileID: 0}
  m_PrefabInstance: {fileID: 0}
  m_PrefabAsset: {fileID: 0}
  m_GameObject: {fileID: 648944665896488483}
  m_Enabled: 1
  m_AgentTypeID: 0
  m_Radius: 0.2
  m_Speed: 3.5
  m_Acceleration: 8
  avoidancePriority: 50
  m_AngularSpeed: 120
  m_StoppingDistance: 0
  m_AutoTraverseOffMeshLink: 1
  m_AutoBraking: 1
  m_AutoRepath: 1
  m_Height: 1.7
  m_BaseOffset: -0.09
  m_WalkableMask: 4294967295
  m_ObstacleAvoidanceType: 4
--- !u!114 &650634916932206548
MonoBehaviour:
  m_ObjectHideFlags: 0
  m_CorrespondingSourceObject: {fileID: 0}
  m_PrefabInstance: {fileID: 0}
  m_PrefabAsset: {fileID: 0}
  m_GameObject: {fileID: 648944665896488483}
  m_Enabled: 1
  m_EditorHideFlags: 0
  m_Script: {fileID: 11500000, guid: a92b2d23b48d2f149976cd99294fa207, type: 3}
  m_Name: 
  m_EditorClassIdentifier: 
  attackDistance: 2
  alertAttackDistance: 8
  followDistance: 200
  enemyCurrentState: 0
--- !u!1 &648951810257650257
GameObject:
  m_ObjectHideFlags: 0
  m_CorrespondingSourceObject: {fileID: 0}
  m_PrefabInstance: {fileID: 0}
  m_PrefabAsset: {fileID: 0}
  serializedVersion: 6
  m_Component:
  - component: {fileID: 651016303698058425}
  m_Layer: 12
  m_Name: Base Human001LDigit42
  m_TagString: Untagged
  m_Icon: {fileID: 0}
  m_NavMeshLayer: 0
  m_StaticEditorFlags: 0
  m_IsActive: 1
--- !u!4 &651016303698058425
Transform:
  m_ObjectHideFlags: 0
  m_CorrespondingSourceObject: {fileID: 0}
  m_PrefabInstance: {fileID: 0}
  m_PrefabAsset: {fileID: 0}
  m_GameObject: {fileID: 648951810257650257}
  m_LocalRotation: {x: 0.000001396453, y: 0.00012539353, z: 0.0001230686, w: 1}
  m_LocalPosition: {x: -0.031774893, y: 0, z: 0.00000025749205}
  m_LocalScale: {x: 0.999999, y: 1, z: 1.000001}
  m_Children:
  - {fileID: 650955524151109673}
  m_Father: {fileID: 654975107748646091}
  m_RootOrder: 0
  m_LocalEulerAnglesHint: {x: 0, y: 0, z: 0}
--- !u!1 &648952208008622767
GameObject:
  m_ObjectHideFlags: 0
  m_CorrespondingSourceObject: {fileID: 0}
  m_PrefabInstance: {fileID: 0}
  m_PrefabAsset: {fileID: 0}
  serializedVersion: 6
  m_Component:
  - component: {fileID: 650840980539576863}
  m_Layer: 12
  m_Name: Base Human001RFoot
  m_TagString: Untagged
  m_Icon: {fileID: 0}
  m_NavMeshLayer: 0
  m_StaticEditorFlags: 0
  m_IsActive: 1
--- !u!4 &650840980539576863
Transform:
  m_ObjectHideFlags: 0
  m_CorrespondingSourceObject: {fileID: 0}
  m_PrefabInstance: {fileID: 0}
  m_PrefabAsset: {fileID: 0}
  m_GameObject: {fileID: 648952208008622767}
  m_LocalRotation: {x: 0.02714485, y: 0.029744867, z: -0.7485302, w: 0.6618769}
  m_LocalPosition: {x: -0.44386953, y: 0.000000007152557, z: 0.000000007152557}
  m_LocalScale: {x: 0.999999, y: 0.999982, z: 0.999998}
  m_Children:
  - {fileID: 651050471739601361}
  m_Father: {fileID: 650949679497157827}
  m_RootOrder: 0
  m_LocalEulerAnglesHint: {x: 0, y: 0, z: 0}
--- !u!1 &648956838816363053
GameObject:
  m_ObjectHideFlags: 0
  m_CorrespondingSourceObject: {fileID: 0}
  m_PrefabInstance: {fileID: 0}
  m_PrefabAsset: {fileID: 0}
  serializedVersion: 6
  m_Component:
  - component: {fileID: 650877031006688165}
  - component: {fileID: 639567438136900145}
  m_Layer: 12
  m_Name: Head
  m_TagString: Untagged
  m_Icon: {fileID: 0}
  m_NavMeshLayer: 0
  m_StaticEditorFlags: 0
  m_IsActive: 1
--- !u!4 &650877031006688165
Transform:
  m_ObjectHideFlags: 0
  m_CorrespondingSourceObject: {fileID: 0}
  m_PrefabInstance: {fileID: 0}
  m_PrefabAsset: {fileID: 0}
  m_GameObject: {fileID: 648956838816363053}
  m_LocalRotation: {x: -0.7071068, y: 0, z: -0, w: 0.7071068}
  m_LocalPosition: {x: 0.0012191482, y: 1.6503972, z: -0.005900301}
  m_LocalScale: {x: 1, y: 1, z: 1}
  m_Children: []
  m_Father: {fileID: 654962710761534903}
  m_RootOrder: 4
  m_LocalEulerAnglesHint: {x: 0, y: 0, z: 0}
--- !u!137 &639567438136900145
SkinnedMeshRenderer:
  m_ObjectHideFlags: 0
  m_CorrespondingSourceObject: {fileID: 0}
  m_PrefabInstance: {fileID: 0}
  m_PrefabAsset: {fileID: 0}
  m_GameObject: {fileID: 648956838816363053}
  m_Enabled: 1
  m_CastShadows: 1
  m_ReceiveShadows: 1
  m_DynamicOccludee: 1
  m_MotionVectors: 1
  m_LightProbeUsage: 1
  m_ReflectionProbeUsage: 1
  m_RenderingLayerMask: 1
  m_RendererPriority: 0
  m_Materials:
  - {fileID: 2100000, guid: 877f893021e686b43b5ee82aaf0ab6e1, type: 2}
  m_StaticBatchInfo:
    firstSubMesh: 0
    subMeshCount: 0
  m_StaticBatchRoot: {fileID: 0}
  m_ProbeAnchor: {fileID: 0}
  m_LightProbeVolumeOverride: {fileID: 0}
  m_ScaleInLightmap: 1
  m_PreserveUVs: 0
  m_IgnoreNormalsForChartDetection: 0
  m_ImportantGI: 0
  m_StitchLightmapSeams: 0
  m_SelectedEditorRenderState: 3
  m_MinimumChartSize: 4
  m_AutoUVMaxDistance: 0.5
  m_AutoUVMaxAngle: 89
  m_LightmapParameters: {fileID: 0}
  m_SortingLayerID: 0
  m_SortingLayer: 0
  m_SortingOrder: 0
  serializedVersion: 2
  m_Quality: 0
  m_UpdateWhenOffscreen: 0
  m_SkinnedMotionVectors: 1
  m_Mesh: {fileID: 4300004, guid: a123bc3d048b39640a6552bd9a5ebc6d, type: 3}
  m_Bones:
  - {fileID: 655173769817869779}
  - {fileID: 654780222811175319}
  - {fileID: 650834555612036551}
  - {fileID: 654731572466604591}
  - {fileID: 655021273262294787}
  - {fileID: 651057782316308625}
  - {fileID: 655264820791749739}
  - {fileID: 651076408934354237}
  - {fileID: 650949679497157827}
  - {fileID: 650840980539576863}
  - {fileID: 651050471739601361}
  - {fileID: 650955605291363107}
  - {fileID: 651173101098766157}
  - {fileID: 654935610632825643}
  - {fileID: 655017832347192675}
  - {fileID: 654868158443727923}
  - {fileID: 651055453252367361}
  - {fileID: 655038896582521151}
  - {fileID: 650823990835997947}
  - {fileID: 654865542165682725}
  m_BlendShapeWeights: []
  m_RootBone: {fileID: 655038896582521151}
  m_AABB:
    m_Center: {x: -0.73535454, y: 0.03239088, z: -0.0012191758}
    m_Extent: {x: 0.13943806, y: 0.13311313, z: 0.098571256}
  m_DirtyAABB: 0
--- !u!1 &648957447731874157
GameObject:
  m_ObjectHideFlags: 0
  m_CorrespondingSourceObject: {fileID: 0}
  m_PrefabInstance: {fileID: 0}
  m_PrefabAsset: {fileID: 0}
  serializedVersion: 6
  m_Component:
  - component: {fileID: 654732317142561055}
  m_Layer: 12
  m_Name: Base Human001RDigit41
  m_TagString: Untagged
  m_Icon: {fileID: 0}
  m_NavMeshLayer: 0
  m_StaticEditorFlags: 0
  m_IsActive: 1
--- !u!4 &654732317142561055
Transform:
  m_ObjectHideFlags: 0
  m_CorrespondingSourceObject: {fileID: 0}
  m_PrefabInstance: {fileID: 0}
  m_PrefabAsset: {fileID: 0}
  m_GameObject: {fileID: 648957447731874157}
  m_LocalRotation: {x: 0.04265974, y: 0.010360544, z: 0.0687442, w: 0.996668}
  m_LocalPosition: {x: -0.09308006, y: -0.0025513459, z: 0.018000452}
  m_LocalScale: {x: 1.000001, y: 1, z: 1}
  m_Children:
  - {fileID: 651054957678010967}
  m_Father: {fileID: 654961070951947183}
  m_RootOrder: 3
  m_LocalEulerAnglesHint: {x: 0, y: 0, z: 0}
--- !u!1 &648962859354133485
GameObject:
  m_ObjectHideFlags: 0
  m_CorrespondingSourceObject: {fileID: 0}
  m_PrefabInstance: {fileID: 0}
  m_PrefabAsset: {fileID: 0}
  serializedVersion: 6
  m_Component:
  - component: {fileID: 650955524151109673}
  m_Layer: 12
  m_Name: Base Human001LDigit43
  m_TagString: Untagged
  m_Icon: {fileID: 0}
  m_NavMeshLayer: 0
  m_StaticEditorFlags: 0
  m_IsActive: 1
--- !u!4 &650955524151109673
Transform:
  m_ObjectHideFlags: 0
  m_CorrespondingSourceObject: {fileID: 0}
  m_PrefabInstance: {fileID: 0}
  m_PrefabAsset: {fileID: 0}
  m_GameObject: {fileID: 648962859354133485}
  m_LocalRotation: {x: -0.0000005140913, y: 0.000004014934, z: 0.00000029802547, w: 1}
  m_LocalPosition: {x: -0.026205625, y: 0, z: 0.00000021457672}
  m_LocalScale: {x: 0.999999, y: 1, z: 1.000001}
  m_Children: []
  m_Father: {fileID: 651016303698058425}
  m_RootOrder: 0
  m_LocalEulerAnglesHint: {x: 0, y: 0, z: 0}
--- !u!1 &648970804685932343
GameObject:
  m_ObjectHideFlags: 0
  m_CorrespondingSourceObject: {fileID: 0}
  m_PrefabInstance: {fileID: 0}
  m_PrefabAsset: {fileID: 0}
  serializedVersion: 6
  m_Component:
  - component: {fileID: 650955605291363107}
  m_Layer: 12
  m_Name: Base Human001Spine1
  m_TagString: Untagged
  m_Icon: {fileID: 0}
  m_NavMeshLayer: 0
  m_StaticEditorFlags: 0
  m_IsActive: 1
--- !u!4 &650955605291363107
Transform:
  m_ObjectHideFlags: 0
  m_CorrespondingSourceObject: {fileID: 0}
  m_PrefabInstance: {fileID: 0}
  m_PrefabAsset: {fileID: 0}
  m_GameObject: {fileID: 648970804685932343}
  m_LocalRotation: {x: 0.000000011579756, y: -0.000000048190696, z: -0.10126617, w: 0.9948594}
  m_LocalPosition: {x: -0.04467905, y: -0.003418411, z: -0.000000008483928}
  m_LocalScale: {x: 1, y: 1, z: 1}
  m_Children:
  - {fileID: 651173101098766157}
  m_Father: {fileID: 655038896582521151}
  m_RootOrder: 2
  m_LocalEulerAnglesHint: {x: 0, y: 0, z: 0}
--- !u!1 &648974142372619817
GameObject:
  m_ObjectHideFlags: 0
  m_CorrespondingSourceObject: {fileID: 0}
  m_PrefabInstance: {fileID: 0}
  m_PrefabAsset: {fileID: 0}
  serializedVersion: 6
  m_Component:
  - component: {fileID: 655094615487123249}
  m_Layer: 12
  m_Name: Base Human001RDigit33
  m_TagString: Untagged
  m_Icon: {fileID: 0}
  m_NavMeshLayer: 0
  m_StaticEditorFlags: 0
  m_IsActive: 1
--- !u!4 &655094615487123249
Transform:
  m_ObjectHideFlags: 0
  m_CorrespondingSourceObject: {fileID: 0}
  m_PrefabInstance: {fileID: 0}
  m_PrefabAsset: {fileID: 0}
  m_GameObject: {fileID: 648974142372619817}
  m_LocalRotation: {x: -0.0000006388865, y: 0.0000038864123, z: -0.0000002235151,
    w: 1}
  m_LocalPosition: {x: -0.026302986, y: 0, z: 0.0000002002716}
  m_LocalScale: {x: 0.999999, y: 1, z: 1.000001}
  m_Children: []
  m_Father: {fileID: 654778548268132641}
  m_RootOrder: 0
  m_LocalEulerAnglesHint: {x: 0, y: 0, z: 0}
--- !u!1 &649013017850330859
GameObject:
  m_ObjectHideFlags: 0
  m_CorrespondingSourceObject: {fileID: 0}
  m_PrefabInstance: {fileID: 0}
  m_PrefabAsset: {fileID: 0}
  serializedVersion: 6
  m_Component:
  - component: {fileID: 650890517584313161}
  - component: {fileID: 643573570306733655}
  m_Layer: 12
  m_Name: RElbow
  m_TagString: Untagged
  m_Icon: {fileID: 0}
  m_NavMeshLayer: 0
  m_StaticEditorFlags: 0
  m_IsActive: 1
--- !u!4 &650890517584313161
Transform:
  m_ObjectHideFlags: 0
  m_CorrespondingSourceObject: {fileID: 0}
  m_PrefabInstance: {fileID: 0}
  m_PrefabAsset: {fileID: 0}
  m_GameObject: {fileID: 649013017850330859}
  m_LocalRotation: {x: -0.7071068, y: 0, z: -0, w: 0.7071068}
  m_LocalPosition: {x: 0.41673207, y: 1.4141806, z: -0.074313395}
  m_LocalScale: {x: 1, y: 1, z: 1}
  m_Children: []
  m_Father: {fileID: 654962710761534903}
  m_RootOrder: 10
  m_LocalEulerAnglesHint: {x: 0, y: 0, z: 0}
--- !u!137 &643573570306733655
SkinnedMeshRenderer:
  m_ObjectHideFlags: 0
  m_CorrespondingSourceObject: {fileID: 0}
  m_PrefabInstance: {fileID: 0}
  m_PrefabAsset: {fileID: 0}
  m_GameObject: {fileID: 649013017850330859}
  m_Enabled: 1
  m_CastShadows: 1
  m_ReceiveShadows: 1
  m_DynamicOccludee: 1
  m_MotionVectors: 1
  m_LightProbeUsage: 1
  m_ReflectionProbeUsage: 1
  m_RenderingLayerMask: 1
  m_RendererPriority: 0
  m_Materials:
  - {fileID: 2100000, guid: 877f893021e686b43b5ee82aaf0ab6e1, type: 2}
  m_StaticBatchInfo:
    firstSubMesh: 0
    subMeshCount: 0
  m_StaticBatchRoot: {fileID: 0}
  m_ProbeAnchor: {fileID: 0}
  m_LightProbeVolumeOverride: {fileID: 0}
  m_ScaleInLightmap: 1
  m_PreserveUVs: 0
  m_IgnoreNormalsForChartDetection: 0
  m_ImportantGI: 0
  m_StitchLightmapSeams: 0
  m_SelectedEditorRenderState: 3
  m_MinimumChartSize: 4
  m_AutoUVMaxDistance: 0.5
  m_AutoUVMaxAngle: 89
  m_LightmapParameters: {fileID: 0}
  m_SortingLayerID: 0
  m_SortingLayer: 0
  m_SortingOrder: 0
  serializedVersion: 2
  m_Quality: 0
  m_UpdateWhenOffscreen: 0
  m_SkinnedMotionVectors: 1
  m_Mesh: {fileID: 4300018, guid: a123bc3d048b39640a6552bd9a5ebc6d, type: 3}
  m_Bones:
  - {fileID: 651088491666562599}
  - {fileID: 651040569098503523}
  - {fileID: 650834555612036551}
  - {fileID: 654731572466604591}
  - {fileID: 655021273262294787}
  - {fileID: 651057782316308625}
  - {fileID: 655264820791749739}
  - {fileID: 651076408934354237}
  - {fileID: 650949679497157827}
  - {fileID: 650840980539576863}
  - {fileID: 651050471739601361}
  - {fileID: 650955605291363107}
  - {fileID: 651173101098766157}
  - {fileID: 654935610632825643}
  - {fileID: 655017832347192675}
  - {fileID: 654868158443727923}
  - {fileID: 651055453252367361}
  - {fileID: 650955994850892863}
  - {fileID: 650823990835997947}
  - {fileID: 655038896582521151}
  m_BlendShapeWeights: []
  m_RootBone: {fileID: 655038896582521151}
  m_AABB:
    m_Center: {x: -0.50076514, y: -0.03884636, z: -0.4136352}
    m_Extent: {x: 0.066948, y: 0.058856532, z: 0.13736646}
  m_DirtyAABB: 0
--- !u!1 &649016302067384511
GameObject:
  m_ObjectHideFlags: 0
  m_CorrespondingSourceObject: {fileID: 0}
  m_PrefabInstance: {fileID: 0}
  m_PrefabAsset: {fileID: 0}
  serializedVersion: 6
  m_Component:
  - component: {fileID: 655074459229925157}
  m_Layer: 12
  m_Name: Base Human001LDigit13
  m_TagString: Untagged
  m_Icon: {fileID: 0}
  m_NavMeshLayer: 0
  m_StaticEditorFlags: 0
  m_IsActive: 1
--- !u!4 &655074459229925157
Transform:
  m_ObjectHideFlags: 0
  m_CorrespondingSourceObject: {fileID: 0}
  m_PrefabInstance: {fileID: 0}
  m_PrefabAsset: {fileID: 0}
  m_GameObject: {fileID: 649016302067384511}
  m_LocalRotation: {x: -0.0000014826645, y: 0.0000010058252, z: -0.000002041445, w: 1}
  m_LocalPosition: {x: -0.02719694, y: 0, z: 0}
  m_LocalScale: {x: 1.000006, y: 0.999999, z: 0.999994}
  m_Children: []
  m_Father: {fileID: 654901816846179463}
  m_RootOrder: 0
  m_LocalEulerAnglesHint: {x: 0, y: 0, z: 0}
--- !u!1 &649025875998066321
GameObject:
  m_ObjectHideFlags: 0
  m_CorrespondingSourceObject: {fileID: 0}
  m_PrefabInstance: {fileID: 0}
  m_PrefabAsset: {fileID: 0}
  serializedVersion: 6
  m_Component:
  - component: {fileID: 651173101098766157}
  m_Layer: 12
  m_Name: Base Human001Spine2
  m_TagString: Untagged
  m_Icon: {fileID: 0}
  m_NavMeshLayer: 0
  m_StaticEditorFlags: 0
  m_IsActive: 1
--- !u!4 &651173101098766157
Transform:
  m_ObjectHideFlags: 0
  m_CorrespondingSourceObject: {fileID: 0}
  m_PrefabInstance: {fileID: 0}
  m_PrefabAsset: {fileID: 0}
  m_GameObject: {fileID: 649025875998066321}
  m_LocalRotation: {x: -0.000000007347342, y: 0.000000024972834, z: 0.15778679, w: 0.9874732}
  m_LocalPosition: {x: -0.17459226, y: 0, z: 6.82121e-15}
  m_LocalScale: {x: 1, y: 1, z: 1}
  m_Children:
  - {fileID: 654935610632825643}
  m_Father: {fileID: 650955605291363107}
  m_RootOrder: 0
  m_LocalEulerAnglesHint: {x: 0, y: 0, z: 0}
--- !u!1 &649038658025518199
GameObject:
  m_ObjectHideFlags: 0
  m_CorrespondingSourceObject: {fileID: 0}
  m_PrefabInstance: {fileID: 0}
  m_PrefabAsset: {fileID: 0}
  serializedVersion: 6
  m_Component:
  - component: {fileID: 650959914121293031}
  m_Layer: 12
  m_Name: Base Human001RDigit21
  m_TagString: Untagged
  m_Icon: {fileID: 0}
  m_NavMeshLayer: 0
  m_StaticEditorFlags: 0
  m_IsActive: 1
--- !u!4 &650959914121293031
Transform:
  m_ObjectHideFlags: 0
  m_CorrespondingSourceObject: {fileID: 0}
  m_PrefabInstance: {fileID: 0}
  m_PrefabAsset: {fileID: 0}
  m_GameObject: {fileID: 649038658025518199}
  m_LocalRotation: {x: 0.028175665, y: -0.071373664, z: 0.061573982, w: 0.99514854}
  m_LocalPosition: {x: -0.09162569, y: -0.0045438767, z: -0.026684655}
  m_LocalScale: {x: 0.999998, y: 1, z: 1.000002}
  m_Children:
  - {fileID: 651016936532193435}
  m_Father: {fileID: 654961070951947183}
  m_RootOrder: 1
  m_LocalEulerAnglesHint: {x: 0, y: 0, z: 0}
--- !u!1 &649046957439205561
GameObject:
  m_ObjectHideFlags: 0
  m_CorrespondingSourceObject: {fileID: 0}
  m_PrefabInstance: {fileID: 0}
  m_PrefabAsset: {fileID: 0}
  serializedVersion: 6
  m_Component:
  - component: {fileID: 650874761455328123}
  m_Layer: 12
  m_Name: Base Human001RCollarbone
  m_TagString: Untagged
  m_Icon: {fileID: 0}
  m_NavMeshLayer: 0
  m_StaticEditorFlags: 0
  m_IsActive: 1
--- !u!4 &650874761455328123
Transform:
  m_ObjectHideFlags: 0
  m_CorrespondingSourceObject: {fileID: 0}
  m_PrefabInstance: {fileID: 0}
  m_PrefabAsset: {fileID: 0}
  m_GameObject: {fileID: 649046957439205561}
  m_LocalRotation: {x: -0.19978157, y: -0.56440496, z: 0.24927048, w: 0.76118237}
  m_LocalPosition: {x: 0.02657341, y: 0.086815104, z: -0.015056415}
  m_LocalScale: {x: 1, y: 1, z: 1}
  m_Children:
  - {fileID: 651088491666562599}
  m_Father: {fileID: 655017832347192675}
  m_RootOrder: 2
  m_LocalEulerAnglesHint: {x: 0, y: 0, z: 0}
--- !u!1 &649063472358704361
GameObject:
  m_ObjectHideFlags: 0
  m_CorrespondingSourceObject: {fileID: 0}
  m_PrefabInstance: {fileID: 0}
  m_PrefabAsset: {fileID: 0}
  serializedVersion: 6
  m_Component:
  - component: {fileID: 651070783409687035}
  m_Layer: 12
  m_Name: Base Human001RDigit13
  m_TagString: Untagged
  m_Icon: {fileID: 0}
  m_NavMeshLayer: 0
  m_StaticEditorFlags: 0
  m_IsActive: 1
--- !u!4 &651070783409687035
Transform:
  m_ObjectHideFlags: 0
  m_CorrespondingSourceObject: {fileID: 0}
  m_PrefabInstance: {fileID: 0}
  m_PrefabAsset: {fileID: 0}
  m_GameObject: {fileID: 649063472358704361}
  m_LocalRotation: {x: -0.0000015348205, y: 0.0000009983809, z: 0.000001981868, w: 1}
  m_LocalPosition: {x: -0.027196655, y: -0.000000114440915, z: 0}
  m_LocalScale: {x: 0.999994, y: 1.000001, z: 1.000006}
  m_Children: []
  m_Father: {fileID: 655211861987707701}
  m_RootOrder: 0
  m_LocalEulerAnglesHint: {x: 0, y: 0, z: 0}
--- !u!1 &649099334975814799
GameObject:
  m_ObjectHideFlags: 0
  m_CorrespondingSourceObject: {fileID: 0}
  m_PrefabInstance: {fileID: 0}
  m_PrefabAsset: {fileID: 0}
  serializedVersion: 6
  m_Component:
  - component: {fileID: 651016936532193435}
  m_Layer: 12
  m_Name: Base Human001RDigit22
  m_TagString: Untagged
  m_Icon: {fileID: 0}
  m_NavMeshLayer: 0
  m_StaticEditorFlags: 0
  m_IsActive: 1
--- !u!4 &651016936532193435
Transform:
  m_ObjectHideFlags: 0
  m_CorrespondingSourceObject: {fileID: 0}
  m_PrefabInstance: {fileID: 0}
  m_PrefabAsset: {fileID: 0}
  m_GameObject: {fileID: 649099334975814799}
  m_LocalRotation: {x: -0.00000028963458, y: 0.0000038116893, z: 0.019286431, w: 0.999814}
  m_LocalPosition: {x: -0.027604235, y: 0.000000114440915, z: 0.00000020742416}
  m_LocalScale: {x: 0.999998, y: 1, z: 1.000002}
  m_Children:
  - {fileID: 651329003067084045}
  m_Father: {fileID: 650959914121293031}
  m_RootOrder: 0
  m_LocalEulerAnglesHint: {x: 0, y: 0, z: 0}
--- !u!1 &649102412288126929
GameObject:
  m_ObjectHideFlags: 0
  m_CorrespondingSourceObject: {fileID: 0}
  m_PrefabInstance: {fileID: 0}
  m_PrefabAsset: {fileID: 0}
  serializedVersion: 6
  m_Component:
  - component: {fileID: 655173769817869779}
  m_Layer: 12
  m_Name: Base Human001Head
  m_TagString: Untagged
  m_Icon: {fileID: 0}
  m_NavMeshLayer: 0
  m_StaticEditorFlags: 0
  m_IsActive: 1
--- !u!4 &655173769817869779
Transform:
  m_ObjectHideFlags: 0
  m_CorrespondingSourceObject: {fileID: 0}
  m_PrefabInstance: {fileID: 0}
  m_PrefabAsset: {fileID: 0}
  m_GameObject: {fileID: 649102412288126929}
  m_LocalRotation: {x: -1.4958454e-14, y: 0.00000001703688, z: 0.11283035, w: 0.99361426}
  m_LocalPosition: {x: -0.14312106, y: -0.000000028610229, z: 3.410605e-15}
  m_LocalScale: {x: 1, y: 1, z: 1}
  m_Children: []
  m_Father: {fileID: 654780222811175319}
  m_RootOrder: 0
  m_LocalEulerAnglesHint: {x: 0, y: 0, z: 0}
--- !u!1 &649105221755651267
GameObject:
  m_ObjectHideFlags: 0
  m_CorrespondingSourceObject: {fileID: 0}
  m_PrefabInstance: {fileID: 0}
  m_PrefabAsset: {fileID: 0}
  serializedVersion: 6
  m_Component:
  - component: {fileID: 650805633440196721}
  - component: {fileID: 643966007114523539}
  m_Layer: 12
  m_Name: Chest
  m_TagString: Untagged
  m_Icon: {fileID: 0}
  m_NavMeshLayer: 0
  m_StaticEditorFlags: 0
  m_IsActive: 1
--- !u!4 &650805633440196721
Transform:
  m_ObjectHideFlags: 0
  m_CorrespondingSourceObject: {fileID: 0}
  m_PrefabInstance: {fileID: 0}
  m_PrefabAsset: {fileID: 0}
  m_GameObject: {fileID: 649105221755651267}
  m_LocalRotation: {x: -0.7071068, y: 0, z: -0, w: 0.7071068}
  m_LocalPosition: {x: 0.00000041313177, y: 1.3328602, z: -0.006310121}
  m_LocalScale: {x: 1, y: 1, z: 1}
  m_Children: []
  m_Father: {fileID: 654962710761534903}
  m_RootOrder: 3
  m_LocalEulerAnglesHint: {x: 0, y: 0, z: 0}
--- !u!137 &643966007114523539
SkinnedMeshRenderer:
  m_ObjectHideFlags: 0
  m_CorrespondingSourceObject: {fileID: 0}
  m_PrefabInstance: {fileID: 0}
  m_PrefabAsset: {fileID: 0}
  m_GameObject: {fileID: 649105221755651267}
  m_Enabled: 1
  m_CastShadows: 1
  m_ReceiveShadows: 1
  m_DynamicOccludee: 1
  m_MotionVectors: 1
  m_LightProbeUsage: 1
  m_ReflectionProbeUsage: 1
  m_RenderingLayerMask: 1
  m_RendererPriority: 0
  m_Materials:
  - {fileID: 2100000, guid: 877f893021e686b43b5ee82aaf0ab6e1, type: 2}
  m_StaticBatchInfo:
    firstSubMesh: 0
    subMeshCount: 0
  m_StaticBatchRoot: {fileID: 0}
  m_ProbeAnchor: {fileID: 0}
  m_LightProbeVolumeOverride: {fileID: 0}
  m_ScaleInLightmap: 1
  m_PreserveUVs: 0
  m_IgnoreNormalsForChartDetection: 0
  m_ImportantGI: 0
  m_StitchLightmapSeams: 0
  m_SelectedEditorRenderState: 3
  m_MinimumChartSize: 4
  m_AutoUVMaxDistance: 0.5
  m_AutoUVMaxAngle: 89
  m_LightmapParameters: {fileID: 0}
  m_SortingLayerID: 0
  m_SortingLayer: 0
  m_SortingOrder: 0
  serializedVersion: 2
  m_Quality: 0
  m_UpdateWhenOffscreen: 0
  m_SkinnedMotionVectors: 1
  m_Mesh: {fileID: 4300000, guid: a123bc3d048b39640a6552bd9a5ebc6d, type: 3}
  m_Bones:
  - {fileID: 654935610632825643}
  - {fileID: 651173101098766157}
  - {fileID: 650874761455328123}
  - {fileID: 655017832347192675}
  - {fileID: 654780222811175319}
  - {fileID: 651088491666562599}
  - {fileID: 650955605291363107}
  - {fileID: 654868158443727923}
  - {fileID: 651055453252367361}
  - {fileID: 651050471739601361}
  - {fileID: 650949679497157827}
  - {fileID: 651057782316308625}
  - {fileID: 655021273262294787}
  - {fileID: 654731572466604591}
  - {fileID: 651076408934354237}
  - {fileID: 655264820791749739}
  - {fileID: 650840980539576863}
  - {fileID: 650955994850892863}
  - {fileID: 650834555612036551}
  - {fileID: 654865542165682725}
  - {fileID: 655038896582521151}
  - {fileID: 655173769817869779}
  m_BlendShapeWeights: []
  m_RootBone: {fileID: 655038896582521151}
  m_AABB:
    m_Center: {x: -0.4231335, y: 0.01652871, z: -0.0024138987}
    m_Extent: {x: 0.25796008, y: 0.22356884, z: 0.3552722}
  m_DirtyAABB: 0
--- !u!1 &649152375245460927
GameObject:
  m_ObjectHideFlags: 0
  m_CorrespondingSourceObject: {fileID: 0}
  m_PrefabInstance: {fileID: 0}
  m_PrefabAsset: {fileID: 0}
  serializedVersion: 6
  m_Component:
  - component: {fileID: 654935610632825643}
  m_Layer: 12
  m_Name: Base Human001Spine3
  m_TagString: Untagged
  m_Icon: {fileID: 0}
  m_NavMeshLayer: 0
  m_StaticEditorFlags: 0
  m_IsActive: 1
--- !u!4 &654935610632825643
Transform:
  m_ObjectHideFlags: 0
  m_CorrespondingSourceObject: {fileID: 0}
  m_PrefabInstance: {fileID: 0}
  m_PrefabAsset: {fileID: 0}
  m_GameObject: {fileID: 649152375245460927}
  m_LocalRotation: {x: -0.0000000012761512, y: 0.000000016381145, z: 0.055502884,
    w: 0.99845856}
  m_LocalPosition: {x: -0.14872925, y: 0, z: -3.410605e-15}
  m_LocalScale: {x: 1, y: 1, z: 1}
  m_Children:
  - {fileID: 655017832347192675}
  m_Father: {fileID: 651173101098766157}
  m_RootOrder: 0
  m_LocalEulerAnglesHint: {x: 0, y: 0, z: 0}
--- !u!1 &649153088326203069
GameObject:
  m_ObjectHideFlags: 0
  m_CorrespondingSourceObject: {fileID: 0}
  m_PrefabInstance: {fileID: 0}
  m_PrefabAsset: {fileID: 0}
  serializedVersion: 6
  m_Component:
  - component: {fileID: 654726746839033685}
  m_Layer: 12
  m_Name: Base Human001RDigit53
  m_TagString: Untagged
  m_Icon: {fileID: 0}
  m_NavMeshLayer: 0
  m_StaticEditorFlags: 0
  m_IsActive: 1
--- !u!4 &654726746839033685
Transform:
  m_ObjectHideFlags: 0
  m_CorrespondingSourceObject: {fileID: 0}
  m_PrefabInstance: {fileID: 0}
  m_PrefabAsset: {fileID: 0}
  m_GameObject: {fileID: 649153088326203069}
  m_LocalRotation: {x: -0.013674798, y: 0.0000037992902, z: -0.0000006186542, w: 0.99990654}
  m_LocalPosition: {x: -0.023020161, y: 0.000000114440915, z: 0.00000017166137}
  m_LocalScale: {x: 1.000002, y: 1, z: 0.999998}
  m_Children: []
  m_Father: {fileID: 655212851537888231}
  m_RootOrder: 0
  m_LocalEulerAnglesHint: {x: 0, y: 0, z: 0}
--- !u!1 &649198446681286181
GameObject:
  m_ObjectHideFlags: 0
  m_CorrespondingSourceObject: {fileID: 0}
  m_PrefabInstance: {fileID: 0}
  m_PrefabAsset: {fileID: 0}
  serializedVersion: 6
  m_Component:
  - component: {fileID: 654975107748646091}
  m_Layer: 12
  m_Name: Base Human001LDigit41
  m_TagString: Untagged
  m_Icon: {fileID: 0}
  m_NavMeshLayer: 0
  m_StaticEditorFlags: 0
  m_IsActive: 1
--- !u!4 &654975107748646091
Transform:
  m_ObjectHideFlags: 0
  m_CorrespondingSourceObject: {fileID: 0}
  m_PrefabInstance: {fileID: 0}
  m_PrefabAsset: {fileID: 0}
  m_GameObject: {fileID: 649198446681286181}
  m_LocalRotation: {x: -0.04266125, y: -0.010352683, z: 0.068744585, w: 0.996668}
  m_LocalPosition: {x: -0.093079664, y: -0.0025513459, z: -0.017999033}
  m_LocalScale: {x: 0.999999, y: 1, z: 1.000001}
  m_Children:
  - {fileID: 651016303698058425}
  m_Father: {fileID: 650823990835997947}
  m_RootOrder: 3
  m_LocalEulerAnglesHint: {x: 0, y: 0, z: 0}
--- !u!1 &649207143160932085
GameObject:
  m_ObjectHideFlags: 0
  m_CorrespondingSourceObject: {fileID: 0}
  m_PrefabInstance: {fileID: 0}
  m_PrefabAsset: {fileID: 0}
  serializedVersion: 6
  m_Component:
  - component: {fileID: 651107295753085437}
  m_Layer: 12
  m_Name: Base Human001LDigit23
  m_TagString: Untagged
  m_Icon: {fileID: 0}
  m_NavMeshLayer: 0
  m_StaticEditorFlags: 0
  m_IsActive: 1
--- !u!4 &651107295753085437
Transform:
  m_ObjectHideFlags: 0
  m_CorrespondingSourceObject: {fileID: 0}
  m_PrefabInstance: {fileID: 0}
  m_PrefabAsset: {fileID: 0}
  m_GameObject: {fileID: 649207143160932085}
  m_LocalRotation: {x: -0.00000027943253, y: 0.000003862173, z: 0.01928695, w: 0.999814}
  m_LocalPosition: {x: -0.028705815, y: 0, z: 0.00000022172928}
  m_LocalScale: {x: 1.000002, y: 1, z: 0.999998}
  m_Children: []
  m_Father: {fileID: 650892597513130969}
  m_RootOrder: 0
  m_LocalEulerAnglesHint: {x: 0, y: 0, z: 0}
--- !u!1 &649222425222932331
GameObject:
  m_ObjectHideFlags: 0
  m_CorrespondingSourceObject: {fileID: 0}
  m_PrefabInstance: {fileID: 0}
  m_PrefabAsset: {fileID: 0}
  serializedVersion: 6
  m_Component:
  - component: {fileID: 651076408934354237}
  m_Layer: 12
  m_Name: Base Human001RThigh
  m_TagString: Untagged
  m_Icon: {fileID: 0}
  m_NavMeshLayer: 0
  m_StaticEditorFlags: 0
  m_IsActive: 1
--- !u!4 &651076408934354237
Transform:
  m_ObjectHideFlags: 0
  m_CorrespondingSourceObject: {fileID: 0}
  m_PrefabInstance: {fileID: 0}
  m_PrefabAsset: {fileID: 0}
  m_GameObject: {fileID: 649222425222932331}
  m_LocalRotation: {x: 0.065472126, y: 0.9978326, z: 0.005118777, w: 0.004159378}
  m_LocalPosition: {x: -0.016830998, y: 0.0458911, z: -0.08598911}
  m_LocalScale: {x: 1.000021, y: 1, z: 1}
  m_Children:
  - {fileID: 650949679497157827}
  m_Father: {fileID: 655038896582521151}
  m_RootOrder: 1
  m_LocalEulerAnglesHint: {x: 0, y: 0, z: 0}
--- !u!1 &649222861697272825
GameObject:
  m_ObjectHideFlags: 0
  m_CorrespondingSourceObject: {fileID: 0}
  m_PrefabInstance: {fileID: 0}
  m_PrefabAsset: {fileID: 0}
  serializedVersion: 6
  m_Component:
  - component: {fileID: 651097728630152823}
  m_Layer: 12
  m_Name: Base Human001LDigit31
  m_TagString: Untagged
  m_Icon: {fileID: 0}
  m_NavMeshLayer: 0
  m_StaticEditorFlags: 0
  m_IsActive: 1
--- !u!4 &651097728630152823
Transform:
  m_ObjectHideFlags: 0
  m_CorrespondingSourceObject: {fileID: 0}
  m_PrefabInstance: {fileID: 0}
  m_PrefabAsset: {fileID: 0}
  m_GameObject: {fileID: 649222861697272825}
  m_LocalRotation: {x: -0.013117067, y: 0.041601624, z: 0.043578506, w: 0.9980973}
  m_LocalPosition: {x: -0.092740804, y: -0.0024755858, z: 0.0014503705}
  m_LocalScale: {x: 1.000001, y: 1, z: 0.999999}
  m_Children:
  - {fileID: 655064087024788947}
  m_Father: {fileID: 650823990835997947}
  m_RootOrder: 2
  m_LocalEulerAnglesHint: {x: 0, y: 0, z: 0}
--- !u!1 &649226461069829497
GameObject:
  m_ObjectHideFlags: 0
  m_CorrespondingSourceObject: {fileID: 0}
  m_PrefabInstance: {fileID: 0}
  m_PrefabAsset: {fileID: 0}
  serializedVersion: 6
  m_Component:
  - component: {fileID: 654724257733976491}
  m_Layer: 12
  m_Name: Base Human001RDigit43
  m_TagString: Untagged
  m_Icon: {fileID: 0}
  m_NavMeshLayer: 0
  m_StaticEditorFlags: 0
  m_IsActive: 1
--- !u!4 &654724257733976491
Transform:
  m_ObjectHideFlags: 0
  m_CorrespondingSourceObject: {fileID: 0}
  m_PrefabInstance: {fileID: 0}
  m_PrefabAsset: {fileID: 0}
  m_GameObject: {fileID: 649226461069829497}
  m_LocalRotation: {x: -0.00000051781404, y: 0.000003995371, z: -0.0000003427244,
    w: 1}
  m_LocalPosition: {x: -0.026205739, y: 0, z: 0.00000020742416}
  m_LocalScale: {x: 1.000001, y: 1, z: 1}
  m_Children: []
  m_Father: {fileID: 651054957678010967}
  m_RootOrder: 0
  m_LocalEulerAnglesHint: {x: 0, y: 0, z: 0}
--- !u!1 &649226743828229749
GameObject:
  m_ObjectHideFlags: 0
  m_CorrespondingSourceObject: {fileID: 0}
  m_PrefabInstance: {fileID: 0}
  m_PrefabAsset: {fileID: 0}
  serializedVersion: 6
  m_Component:
  - component: {fileID: 650794425653169075}
  m_Layer: 12
  m_Name: Base Human001RDigit31
  m_TagString: Untagged
  m_Icon: {fileID: 0}
  m_NavMeshLayer: 0
  m_StaticEditorFlags: 0
  m_IsActive: 1
--- !u!4 &650794425653169075
Transform:
  m_ObjectHideFlags: 0
  m_CorrespondingSourceObject: {fileID: 0}
  m_PrefabInstance: {fileID: 0}
  m_PrefabAsset: {fileID: 0}
  m_GameObject: {fileID: 649226743828229749}
  m_LocalRotation: {x: 0.013115452, y: -0.041593894, z: 0.043578137, w: 0.99809766}
  m_LocalPosition: {x: -0.092740975, y: -0.0024754715, z: -0.0014489347}
  m_LocalScale: {x: 0.999999, y: 1, z: 1.000001}
  m_Children:
  - {fileID: 654778548268132641}
  m_Father: {fileID: 654961070951947183}
  m_RootOrder: 2
  m_LocalEulerAnglesHint: {x: 0, y: 0, z: 0}
--- !u!1 &649229949456357561
GameObject:
  m_ObjectHideFlags: 0
  m_CorrespondingSourceObject: {fileID: 0}
  m_PrefabInstance: {fileID: 0}
  m_PrefabAsset: {fileID: 0}
  serializedVersion: 6
  m_Component:
  - component: {fileID: 651140148582968481}
  - component: {fileID: 643506362275908057}
  m_Layer: 12
  m_Name: Pelvis
  m_TagString: Untagged
  m_Icon: {fileID: 0}
  m_NavMeshLayer: 0
  m_StaticEditorFlags: 0
  m_IsActive: 1
--- !u!4 &651140148582968481
Transform:
  m_ObjectHideFlags: 0
  m_CorrespondingSourceObject: {fileID: 0}
  m_PrefabInstance: {fileID: 0}
  m_PrefabAsset: {fileID: 0}
  m_GameObject: {fileID: 649229949456357561}
  m_LocalRotation: {x: -0.7071068, y: 0, z: -0, w: 0.7071068}
  m_LocalPosition: {x: 0.0005282933, y: 0.916303, z: -0.009488195}
  m_LocalScale: {x: 1, y: 1, z: 1}
  m_Children: []
  m_Father: {fileID: 654962710761534903}
  m_RootOrder: 9
  m_LocalEulerAnglesHint: {x: 0, y: 0, z: 0}
--- !u!137 &643506362275908057
SkinnedMeshRenderer:
  m_ObjectHideFlags: 0
  m_CorrespondingSourceObject: {fileID: 0}
  m_PrefabInstance: {fileID: 0}
  m_PrefabAsset: {fileID: 0}
  m_GameObject: {fileID: 649229949456357561}
  m_Enabled: 1
  m_CastShadows: 1
  m_ReceiveShadows: 1
  m_DynamicOccludee: 1
  m_MotionVectors: 1
  m_LightProbeUsage: 1
  m_ReflectionProbeUsage: 1
  m_RenderingLayerMask: 1
  m_RendererPriority: 0
  m_Materials:
  - {fileID: 2100000, guid: 877f893021e686b43b5ee82aaf0ab6e1, type: 2}
  m_StaticBatchInfo:
    firstSubMesh: 0
    subMeshCount: 0
  m_StaticBatchRoot: {fileID: 0}
  m_ProbeAnchor: {fileID: 0}
  m_LightProbeVolumeOverride: {fileID: 0}
  m_ScaleInLightmap: 1
  m_PreserveUVs: 0
  m_IgnoreNormalsForChartDetection: 0
  m_ImportantGI: 0
  m_StitchLightmapSeams: 0
  m_SelectedEditorRenderState: 3
  m_MinimumChartSize: 4
  m_AutoUVMaxDistance: 0.5
  m_AutoUVMaxAngle: 89
  m_LightmapParameters: {fileID: 0}
  m_SortingLayerID: 0
  m_SortingLayer: 0
  m_SortingOrder: 0
  serializedVersion: 2
  m_Quality: 0
  m_UpdateWhenOffscreen: 0
  m_SkinnedMotionVectors: 1
  m_Mesh: {fileID: 4300002, guid: a123bc3d048b39640a6552bd9a5ebc6d, type: 3}
  m_Bones:
  - {fileID: 650955605291363107}
  - {fileID: 655038896582521151}
  - {fileID: 654731572466604591}
  - {fileID: 651076408934354237}
  - {fileID: 651057782316308625}
  - {fileID: 655264820791749739}
  - {fileID: 655021273262294787}
  - {fileID: 650834555612036551}
  - {fileID: 650949679497157827}
  - {fileID: 650840980539576863}
  - {fileID: 651050471739601361}
  - {fileID: 654885847384808133}
  - {fileID: 651173101098766157}
  - {fileID: 654935610632825643}
  - {fileID: 655017832347192675}
  - {fileID: 654868158443727923}
  - {fileID: 651055453252367361}
  - {fileID: 650955994850892863}
  - {fileID: 650823990835997947}
  - {fileID: 654865542165682725}
  m_BlendShapeWeights: []
  m_RootBone: {fileID: 655038896582521151}
  m_AABB:
    m_Center: {x: -0.010445349, y: 0.024831265, z: -0.0007544905}
    m_Extent: {x: 0.24816912, y: 0.17841068, z: 0.20043235}
  m_DirtyAABB: 0
--- !u!1 &649239171935753245
GameObject:
  m_ObjectHideFlags: 0
  m_CorrespondingSourceObject: {fileID: 0}
  m_PrefabInstance: {fileID: 0}
  m_PrefabAsset: {fileID: 0}
  serializedVersion: 6
  m_Component:
  - component: {fileID: 655212851537888231}
  m_Layer: 12
  m_Name: Base Human001RDigit52
  m_TagString: Untagged
  m_Icon: {fileID: 0}
  m_NavMeshLayer: 0
  m_StaticEditorFlags: 0
  m_IsActive: 1
--- !u!4 &655212851537888231
Transform:
  m_ObjectHideFlags: 0
  m_CorrespondingSourceObject: {fileID: 0}
  m_PrefabInstance: {fileID: 0}
  m_PrefabAsset: {fileID: 0}
  m_GameObject: {fileID: 649239171935753245}
  m_LocalRotation: {x: -0.013674813, y: 0.0000037804332, z: -0.0000007381322, w: 0.99990654}
  m_LocalPosition: {x: -0.026911153, y: 0.000000114440915, z: 0.0000002002716}
  m_LocalScale: {x: 1.000002, y: 1, z: 0.999998}
  m_Children:
  - {fileID: 654726746839033685}
  m_Father: {fileID: 654738811908388535}
  m_RootOrder: 0
  m_LocalEulerAnglesHint: {x: 0, y: 0, z: 0}
--- !u!1 &649281841469580599
GameObject:
  m_ObjectHideFlags: 0
  m_CorrespondingSourceObject: {fileID: 0}
  m_PrefabInstance: {fileID: 0}
  m_PrefabAsset: {fileID: 0}
  serializedVersion: 6
  m_Component:
  - component: {fileID: 651040569098503523}
  m_Layer: 12
  m_Name: Base Human001RForearm
  m_TagString: Untagged
  m_Icon: {fileID: 0}
  m_NavMeshLayer: 0
  m_StaticEditorFlags: 0
  m_IsActive: 1
--- !u!4 &651040569098503523
Transform:
  m_ObjectHideFlags: 0
  m_CorrespondingSourceObject: {fileID: 0}
  m_PrefabInstance: {fileID: 0}
  m_PrefabAsset: {fileID: 0}
  m_GameObject: {fileID: 649281841469580599}
  m_LocalRotation: {x: -0.07187098, y: 0.050420903, z: -0.06785603, w: 0.99382484}
  m_LocalPosition: {x: -0.32630128, y: -0.0000006723404, z: 0}
  m_LocalScale: {x: 1, y: 1, z: 1}
  m_Children:
  - {fileID: 654961070951947183}
  m_Father: {fileID: 651088491666562599}
  m_RootOrder: 0
  m_LocalEulerAnglesHint: {x: 0, y: 0, z: 0}
--- !u!1 &649309932003518383
GameObject:
  m_ObjectHideFlags: 0
  m_CorrespondingSourceObject: {fileID: 0}
  m_PrefabInstance: {fileID: 0}
  m_PrefabAsset: {fileID: 0}
  serializedVersion: 6
  m_Component:
  - component: {fileID: 651088491666562599}
  m_Layer: 12
  m_Name: Base Human001RUpperarm
  m_TagString: Untagged
  m_Icon: {fileID: 0}
  m_NavMeshLayer: 0
  m_StaticEditorFlags: 0
  m_IsActive: 1
--- !u!4 &651088491666562599
Transform:
  m_ObjectHideFlags: 0
  m_CorrespondingSourceObject: {fileID: 0}
  m_PrefabInstance: {fileID: 0}
  m_PrefabAsset: {fileID: 0}
  m_GameObject: {fileID: 649309932003518383}
  m_LocalRotation: {x: -0.015033427, y: -0.201799, z: -0.28855485, w: 0.93583506}
  m_LocalPosition: {x: -0.15892747, y: -0.000000057220458, z: 0.000000114440915}
  m_LocalScale: {x: 1, y: 1, z: 1}
  m_Children:
  - {fileID: 651040569098503523}
  m_Father: {fileID: 650874761455328123}
  m_RootOrder: 0
  m_LocalEulerAnglesHint: {x: 0, y: 0, z: 0}
--- !u!1 &649319926068760279
GameObject:
  m_ObjectHideFlags: 0
  m_CorrespondingSourceObject: {fileID: 0}
  m_PrefabInstance: {fileID: 0}
  m_PrefabAsset: {fileID: 0}
  serializedVersion: 6
  m_Component:
  - component: {fileID: 654767669887682113}
  m_Layer: 12
  m_Name: Base Human001LDigit53
  m_TagString: Untagged
  m_Icon: {fileID: 0}
  m_NavMeshLayer: 0
  m_StaticEditorFlags: 0
  m_IsActive: 1
--- !u!4 &654767669887682113
Transform:
  m_ObjectHideFlags: 0
  m_CorrespondingSourceObject: {fileID: 0}
  m_PrefabInstance: {fileID: 0}
  m_PrefabAsset: {fileID: 0}
  m_GameObject: {fileID: 649319926068760279}
  m_LocalRotation: {x: 0.013673767, y: 0.000003866995, z: 0.0000005283196, w: 0.99990654}
  m_LocalPosition: {x: -0.023020048, y: -0.00000022888183, z: 0.0000002002716}
  m_LocalScale: {x: 0.999998, y: 1, z: 1.000002}
  m_Children: []
  m_Father: {fileID: 654912630400449689}
  m_RootOrder: 0
  m_LocalEulerAnglesHint: {x: 0, y: 0, z: 0}
--- !u!1 &649351460577011129
GameObject:
  m_ObjectHideFlags: 0
  m_CorrespondingSourceObject: {fileID: 0}
  m_PrefabInstance: {fileID: 0}
  m_PrefabAsset: {fileID: 0}
  serializedVersion: 6
  m_Component:
  - component: {fileID: 654893860612814927}
  - component: {fileID: 643316838618451605}
  m_Layer: 12
  m_Name: LFoot
  m_TagString: Untagged
  m_Icon: {fileID: 0}
  m_NavMeshLayer: 0
  m_StaticEditorFlags: 0
  m_IsActive: 1
--- !u!4 &654893860612814927
Transform:
  m_ObjectHideFlags: 0
  m_CorrespondingSourceObject: {fileID: 0}
  m_PrefabInstance: {fileID: 0}
  m_PrefabAsset: {fileID: 0}
  m_GameObject: {fileID: 649351460577011129}
  m_LocalRotation: {x: -0.7071068, y: 0, z: -0, w: 0.7071068}
  m_LocalPosition: {x: -0.086008646, y: 0.19023557, z: 0.0050746114}
  m_LocalScale: {x: 1, y: 1, z: 1}
  m_Children: []
  m_Father: {fileID: 654962710761534903}
  m_RootOrder: 6
  m_LocalEulerAnglesHint: {x: 0, y: 0, z: 0}
--- !u!137 &643316838618451605
SkinnedMeshRenderer:
  m_ObjectHideFlags: 0
  m_CorrespondingSourceObject: {fileID: 0}
  m_PrefabInstance: {fileID: 0}
  m_PrefabAsset: {fileID: 0}
  m_GameObject: {fileID: 649351460577011129}
  m_Enabled: 1
  m_CastShadows: 1
  m_ReceiveShadows: 1
  m_DynamicOccludee: 1
  m_MotionVectors: 1
  m_LightProbeUsage: 1
  m_ReflectionProbeUsage: 1
  m_RenderingLayerMask: 1
  m_RendererPriority: 0
  m_Materials:
  - {fileID: 2100000, guid: 877f893021e686b43b5ee82aaf0ab6e1, type: 2}
  m_StaticBatchInfo:
    firstSubMesh: 0
    subMeshCount: 0
  m_StaticBatchRoot: {fileID: 0}
  m_ProbeAnchor: {fileID: 0}
  m_LightProbeVolumeOverride: {fileID: 0}
  m_ScaleInLightmap: 1
  m_PreserveUVs: 0
  m_IgnoreNormalsForChartDetection: 0
  m_ImportantGI: 0
  m_StitchLightmapSeams: 0
  m_SelectedEditorRenderState: 3
  m_MinimumChartSize: 4
  m_AutoUVMaxDistance: 0.5
  m_AutoUVMaxAngle: 89
  m_LightmapParameters: {fileID: 0}
  m_SortingLayerID: 0
  m_SortingLayer: 0
  m_SortingOrder: 0
  serializedVersion: 2
  m_Quality: 0
  m_UpdateWhenOffscreen: 0
  m_SkinnedMotionVectors: 1
  m_Mesh: {fileID: 4300008, guid: a123bc3d048b39640a6552bd9a5ebc6d, type: 3}
  m_Bones:
  - {fileID: 655021273262294787}
  - {fileID: 651057782316308625}
  - {fileID: 655264820791749739}
  - {fileID: 654731572466604591}
  - {fileID: 650834555612036551}
  - {fileID: 655038896582521151}
  - {fileID: 654885847384808133}
  - {fileID: 651076408934354237}
  - {fileID: 650949679497157827}
  - {fileID: 650840980539576863}
  - {fileID: 651050471739601361}
  - {fileID: 650955605291363107}
  - {fileID: 651173101098766157}
  - {fileID: 654935610632825643}
  - {fileID: 655017832347192675}
  - {fileID: 654868158443727923}
  - {fileID: 651055453252367361}
  - {fileID: 650955994850892863}
  - {fileID: 650823990835997947}
  - {fileID: 654865542165682725}
  m_BlendShapeWeights: []
  m_RootBone: {fileID: 655038896582521151}
  m_AABB:
    m_Center: {x: 0.72715354, y: 0.017123453, z: 0.08772695}
    m_Extent: {x: 0.20349991, y: 0.17313397, z: 0.071707964}
  m_DirtyAABB: 0
--- !u!1 &649353188251655005
GameObject:
  m_ObjectHideFlags: 0
  m_CorrespondingSourceObject: {fileID: 0}
  m_PrefabInstance: {fileID: 0}
  m_PrefabAsset: {fileID: 0}
  serializedVersion: 6
  m_Component:
  - component: {fileID: 650892597513130969}
  m_Layer: 12
  m_Name: Base Human001LDigit22
  m_TagString: Untagged
  m_Icon: {fileID: 0}
  m_NavMeshLayer: 0
  m_StaticEditorFlags: 0
  m_IsActive: 1
--- !u!4 &650892597513130969
Transform:
  m_ObjectHideFlags: 0
  m_CorrespondingSourceObject: {fileID: 0}
  m_PrefabInstance: {fileID: 0}
  m_PrefabAsset: {fileID: 0}
  m_GameObject: {fileID: 649353188251655005}
  m_LocalRotation: {x: -0.00000042834475, y: 0.000003855574, z: 0.019287001, w: 0.999814}
  m_LocalPosition: {x: -0.027604409, y: -0.000000114440915, z: 0.00000020742416}
  m_LocalScale: {x: 1.000002, y: 1, z: 0.999998}
  m_Children:
  - {fileID: 651107295753085437}
  m_Father: {fileID: 654891159184509927}
  m_RootOrder: 0
  m_LocalEulerAnglesHint: {x: 0, y: 0, z: 0}
--- !u!1 &649383560310475435
GameObject:
  m_ObjectHideFlags: 0
  m_CorrespondingSourceObject: {fileID: 0}
  m_PrefabInstance: {fileID: 0}
  m_PrefabAsset: {fileID: 0}
  serializedVersion: 6
  m_Component:
  - component: {fileID: 655267686604988879}
  m_Layer: 12
  m_Name: Base Human001LDigit51
  m_TagString: Untagged
  m_Icon: {fileID: 0}
  m_NavMeshLayer: 0
  m_StaticEditorFlags: 0
  m_IsActive: 1
--- !u!4 &655267686604988879
Transform:
  m_ObjectHideFlags: 0
  m_CorrespondingSourceObject: {fileID: 0}
  m_PrefabInstance: {fileID: 0}
  m_PrefabAsset: {fileID: 0}
  m_GameObject: {fileID: 649383560310475435}
  m_LocalRotation: {x: -0.08272802, y: -0.064753294, z: 0.07710227, w: 0.99147284}
  m_LocalPosition: {x: -0.08527531, y: -0.00861042, z: -0.039301362}
  m_LocalScale: {x: 0.999998, y: 1, z: 1.000002}
  m_Children:
  - {fileID: 654912630400449689}
  m_Father: {fileID: 650823990835997947}
  m_RootOrder: 4
  m_LocalEulerAnglesHint: {x: 0, y: 0, z: 0}
--- !u!1 &649387498115794081
GameObject:
  m_ObjectHideFlags: 0
  m_CorrespondingSourceObject: {fileID: 0}
  m_PrefabInstance: {fileID: 0}
  m_PrefabAsset: {fileID: 0}
  serializedVersion: 6
  m_Component:
  - component: {fileID: 650917494311713933}
  - component: {fileID: 643987095456587001}
  m_Layer: 12
  m_Name: RFoot
  m_TagString: Untagged
  m_Icon: {fileID: 0}
  m_NavMeshLayer: 0
  m_StaticEditorFlags: 0
  m_IsActive: 1
--- !u!4 &650917494311713933
Transform:
  m_ObjectHideFlags: 0
  m_CorrespondingSourceObject: {fileID: 0}
  m_PrefabInstance: {fileID: 0}
  m_PrefabAsset: {fileID: 0}
  m_GameObject: {fileID: 649387498115794081}
  m_LocalRotation: {x: -0.7071068, y: 0, z: -0, w: 0.7071068}
  m_LocalPosition: {x: 0.08348234, y: 0.19248085, z: 0.005523921}
  m_LocalScale: {x: 1, y: 1, z: 1}
  m_Children: []
  m_Father: {fileID: 654962710761534903}
  m_RootOrder: 11
  m_LocalEulerAnglesHint: {x: 0, y: 0, z: 0}
--- !u!137 &643987095456587001
SkinnedMeshRenderer:
  m_ObjectHideFlags: 0
  m_CorrespondingSourceObject: {fileID: 0}
  m_PrefabInstance: {fileID: 0}
  m_PrefabAsset: {fileID: 0}
  m_GameObject: {fileID: 649387498115794081}
  m_Enabled: 1
  m_CastShadows: 1
  m_ReceiveShadows: 1
  m_DynamicOccludee: 1
  m_MotionVectors: 1
  m_LightProbeUsage: 1
  m_ReflectionProbeUsage: 1
  m_RenderingLayerMask: 1
  m_RendererPriority: 0
  m_Materials:
  - {fileID: 2100000, guid: 877f893021e686b43b5ee82aaf0ab6e1, type: 2}
  m_StaticBatchInfo:
    firstSubMesh: 0
    subMeshCount: 0
  m_StaticBatchRoot: {fileID: 0}
  m_ProbeAnchor: {fileID: 0}
  m_LightProbeVolumeOverride: {fileID: 0}
  m_ScaleInLightmap: 1
  m_PreserveUVs: 0
  m_IgnoreNormalsForChartDetection: 0
  m_ImportantGI: 0
  m_StitchLightmapSeams: 0
  m_SelectedEditorRenderState: 3
  m_MinimumChartSize: 4
  m_AutoUVMaxDistance: 0.5
  m_AutoUVMaxAngle: 89
  m_LightmapParameters: {fileID: 0}
  m_SortingLayerID: 0
  m_SortingLayer: 0
  m_SortingOrder: 0
  serializedVersion: 2
  m_Quality: 0
  m_UpdateWhenOffscreen: 0
  m_SkinnedMotionVectors: 1
  m_Mesh: {fileID: 4300012, guid: a123bc3d048b39640a6552bd9a5ebc6d, type: 3}
  m_Bones:
  - {fileID: 650949679497157827}
  - {fileID: 650840980539576863}
  - {fileID: 651050471739601361}
  - {fileID: 655021273262294787}
  - {fileID: 650834555612036551}
  - {fileID: 655264820791749739}
  - {fileID: 651076408934354237}
  - {fileID: 655038896582521151}
  - {fileID: 651057782316308625}
  - {fileID: 654731572466604591}
  - {fileID: 654885847384808133}
  - {fileID: 650955605291363107}
  - {fileID: 651173101098766157}
  - {fileID: 654935610632825643}
  - {fileID: 655017832347192675}
  - {fileID: 654868158443727923}
  - {fileID: 651055453252367361}
  - {fileID: 650955994850892863}
  - {fileID: 650823990835997947}
  - {fileID: 654865542165682725}
  m_BlendShapeWeights: []
  m_RootBone: {fileID: 655038896582521151}
  m_AABB:
    m_Center: {x: 0.72137475, y: 0.016727574, z: -0.085101575}
    m_Extent: {x: 0.20934701, y: 0.17265317, z: 0.07420331}
  m_DirtyAABB: 0
--- !u!1 &649393842079987585
GameObject:
  m_ObjectHideFlags: 0
  m_CorrespondingSourceObject: {fileID: 0}
  m_PrefabInstance: {fileID: 0}
  m_PrefabAsset: {fileID: 0}
  serializedVersion: 6
  m_Component:
  - component: {fileID: 654780222811175319}
  m_Layer: 12
  m_Name: Base Human001Neck
  m_TagString: Untagged
  m_Icon: {fileID: 0}
  m_NavMeshLayer: 0
  m_StaticEditorFlags: 0
  m_IsActive: 1
--- !u!4 &654780222811175319
Transform:
  m_ObjectHideFlags: 0
  m_CorrespondingSourceObject: {fileID: 0}
  m_PrefabInstance: {fileID: 0}
  m_PrefabAsset: {fileID: 0}
  m_GameObject: {fileID: 649393842079987585}
  m_LocalRotation: {x: 7.966521e-15, y: -0.00000001703688, z: -0.11283035, w: 0.99361426}
  m_LocalPosition: {x: -0.000795021, y: -0.003500558, z: -0.0000000067226504}
  m_LocalScale: {x: 1, y: 1, z: 1}
  m_Children:
  - {fileID: 655173769817869779}
  m_Father: {fileID: 655017832347192675}
  m_RootOrder: 1
  m_LocalEulerAnglesHint: {x: 0, y: 0, z: 0}
--- !u!1 &649399874047813361
GameObject:
  m_ObjectHideFlags: 0
  m_CorrespondingSourceObject: {fileID: 0}
  m_PrefabInstance: {fileID: 0}
  m_PrefabAsset: {fileID: 0}
  serializedVersion: 6
  m_Component:
  - component: {fileID: 654778548268132641}
  m_Layer: 12
  m_Name: Base Human001RDigit32
  m_TagString: Untagged
  m_Icon: {fileID: 0}
  m_NavMeshLayer: 0
  m_StaticEditorFlags: 0
  m_IsActive: 1
--- !u!4 &654778548268132641
Transform:
  m_ObjectHideFlags: 0
  m_CorrespondingSourceObject: {fileID: 0}
  m_PrefabInstance: {fileID: 0}
  m_PrefabAsset: {fileID: 0}
  m_GameObject: {fileID: 649399874047813361}
  m_LocalRotation: {x: -0.00000063702385, y: 0.0000038906032, z: -0.0000002309657,
    w: 1}
  m_LocalPosition: {x: -0.03568282, y: 0, z: 0.00000028610228}
  m_LocalScale: {x: 0.999999, y: 1, z: 1.000001}
  m_Children:
  - {fileID: 655094615487123249}
  m_Father: {fileID: 650794425653169075}
  m_RootOrder: 0
  m_LocalEulerAnglesHint: {x: 0, y: 0, z: 0}
--- !u!1 &649420440743246039
GameObject:
  m_ObjectHideFlags: 0
  m_CorrespondingSourceObject: {fileID: 0}
  m_PrefabInstance: {fileID: 0}
  m_PrefabAsset: {fileID: 0}
  serializedVersion: 6
  m_Component:
  - component: {fileID: 651057782316308625}
  m_Layer: 12
  m_Name: Base Human001LFoot
  m_TagString: Untagged
  m_Icon: {fileID: 0}
  m_NavMeshLayer: 0
  m_StaticEditorFlags: 0
  m_IsActive: 1
--- !u!4 &651057782316308625
Transform:
  m_ObjectHideFlags: 0
  m_CorrespondingSourceObject: {fileID: 0}
  m_PrefabInstance: {fileID: 0}
  m_PrefabAsset: {fileID: 0}
  m_GameObject: {fileID: 649420440743246039}
  m_LocalRotation: {x: -0.027220402, y: -0.029888146, z: -0.7484362, w: 0.66197354}
  m_LocalPosition: {x: -0.44386947, y: 0.000000007152557, z: 0}
  m_LocalScale: {x: 1, y: 0.999978, z: 1.000001}
  m_Children:
  - {fileID: 655264820791749739}
  m_Father: {fileID: 655021273262294787}
  m_RootOrder: 0
  m_LocalEulerAnglesHint: {x: 0, y: 0, z: 0}
--- !u!1 &649422669001436911
GameObject:
  m_ObjectHideFlags: 0
  m_CorrespondingSourceObject: {fileID: 0}
  m_PrefabInstance: {fileID: 0}
  m_PrefabAsset: {fileID: 0}
  serializedVersion: 6
  m_Component:
  - component: {fileID: 651329003067084045}
  m_Layer: 12
  m_Name: Base Human001RDigit23
  m_TagString: Untagged
  m_Icon: {fileID: 0}
  m_NavMeshLayer: 0
  m_StaticEditorFlags: 0
  m_IsActive: 1
--- !u!4 &651329003067084045
Transform:
  m_ObjectHideFlags: 0
  m_CorrespondingSourceObject: {fileID: 0}
  m_PrefabInstance: {fileID: 0}
  m_PrefabAsset: {fileID: 0}
  m_GameObject: {fileID: 649422669001436911}
  m_LocalRotation: {x: -0.00000014455507, y: 0.000003823803, z: 0.019286469, w: 0.999814}
  m_LocalPosition: {x: -0.028705759, y: 0, z: 0.00000023603438}
  m_LocalScale: {x: 0.999998, y: 1, z: 1.000002}
  m_Children: []
  m_Father: {fileID: 651016936532193435}
  m_RootOrder: 0
  m_LocalEulerAnglesHint: {x: 0, y: 0, z: 0}
--- !u!1 &649423267756339195
GameObject:
  m_ObjectHideFlags: 0
  m_CorrespondingSourceObject: {fileID: 0}
  m_PrefabInstance: {fileID: 0}
  m_PrefabAsset: {fileID: 0}
  serializedVersion: 6
  m_Component:
  - component: {fileID: 655064087024788947}
  m_Layer: 12
  m_Name: Base Human001LDigit32
  m_TagString: Untagged
  m_Icon: {fileID: 0}
  m_NavMeshLayer: 0
  m_StaticEditorFlags: 0
  m_IsActive: 1
--- !u!4 &655064087024788947
Transform:
  m_ObjectHideFlags: 0
  m_CorrespondingSourceObject: {fileID: 0}
  m_PrefabInstance: {fileID: 0}
  m_PrefabAsset: {fileID: 0}
  m_GameObject: {fileID: 649423267756339195}
  m_LocalRotation: {x: -0.0000006295749, y: 0.0000039008414, z: 0.00000019371738,
    w: 1}
  m_LocalPosition: {x: -0.035682905, y: 0, z: 0.00000027179718}
  m_LocalScale: {x: 1.000001, y: 1, z: 0.999999}
  m_Children:
  - {fileID: 655169047314792273}
  m_Father: {fileID: 651097728630152823}
  m_RootOrder: 0
  m_LocalEulerAnglesHint: {x: 0, y: 0, z: 0}
--- !u!1 &649430423414418491
GameObject:
  m_ObjectHideFlags: 0
  m_CorrespondingSourceObject: {fileID: 0}
  m_PrefabInstance: {fileID: 0}
  m_PrefabAsset: {fileID: 0}
  serializedVersion: 6
  m_Component:
  - component: {fileID: 651054957678010967}
  m_Layer: 12
  m_Name: Base Human001RDigit42
  m_TagString: Untagged
  m_Icon: {fileID: 0}
  m_NavMeshLayer: 0
  m_StaticEditorFlags: 0
  m_IsActive: 1
--- !u!4 &651054957678010967
Transform:
  m_ObjectHideFlags: 0
  m_CorrespondingSourceObject: {fileID: 0}
  m_PrefabInstance: {fileID: 0}
  m_PrefabAsset: {fileID: 0}
  m_GameObject: {fileID: 649430423414418491}
  m_LocalRotation: {x: -0.0000024331484, y: -0.000117385986, z: 0.00012239777, w: 1}
  m_LocalPosition: {x: -0.031775005, y: 0, z: 0.00000027179718}
  m_LocalScale: {x: 1.000001, y: 1, z: 1}
  m_Children:
  - {fileID: 654724257733976491}
  m_Father: {fileID: 654732317142561055}
  m_RootOrder: 0
  m_LocalEulerAnglesHint: {x: 0, y: 0, z: 0}
--- !u!1 &649431848658783415
GameObject:
  m_ObjectHideFlags: 0
  m_CorrespondingSourceObject: {fileID: 0}
  m_PrefabInstance: {fileID: 0}
  m_PrefabAsset: {fileID: 0}
  serializedVersion: 6
  m_Component:
  - component: {fileID: 651108639887227383}
  m_Layer: 12
  m_Name: Base Human001RDigit11 1
  m_TagString: Untagged
  m_Icon: {fileID: 0}
  m_NavMeshLayer: 0
  m_StaticEditorFlags: 0
  m_IsActive: 1
--- !u!4 &651108639887227383
Transform:
  m_ObjectHideFlags: 0
  m_CorrespondingSourceObject: {fileID: 0}
  m_PrefabInstance: {fileID: 0}
  m_PrefabAsset: {fileID: 0}
  m_GameObject: {fileID: 649431848658783415}
  m_LocalRotation: {x: -0.305832, y: -0.34442934, z: 0.17991896, w: 0.8691746}
  m_LocalPosition: {x: -0.025042819, y: -0.008060646, z: -0.031326048}
  m_LocalScale: {x: 0.999994, y: 1.000001, z: 1.000006}
  m_Children:
  - {fileID: 655211861987707701}
  m_Father: {fileID: 654961070951947183}
  m_RootOrder: 0
  m_LocalEulerAnglesHint: {x: 0, y: 0, z: 0}
--- !u!1 &649432078595065687
GameObject:
  m_ObjectHideFlags: 0
  m_CorrespondingSourceObject: {fileID: 0}
  m_PrefabInstance: {fileID: 0}
  m_PrefabAsset: {fileID: 0}
  serializedVersion: 6
  m_Component:
  - component: {fileID: 650823990835997947}
  m_Layer: 12
  m_Name: Base Human001LPalm
  m_TagString: Untagged
  m_Icon: {fileID: 0}
  m_NavMeshLayer: 0
  m_StaticEditorFlags: 0
  m_IsActive: 1
--- !u!4 &650823990835997947
Transform:
  m_ObjectHideFlags: 0
  m_CorrespondingSourceObject: {fileID: 0}
  m_PrefabInstance: {fileID: 0}
  m_PrefabAsset: {fileID: 0}
  m_GameObject: {fileID: 649432078595065687}
  m_LocalRotation: {x: -0.730903, y: 0.0001737131, z: 0.09238296, w: 0.67619973}
  m_LocalPosition: {x: -0.24885601, y: 0.00000084400176, z: -0.000000114440915}
  m_LocalScale: {x: 1, y: 1, z: 1}
  m_Children:
  - {fileID: 654865542165682725}
  - {fileID: 654891159184509927}
  - {fileID: 651097728630152823}
  - {fileID: 654975107748646091}
  - {fileID: 655267686604988879}
  m_Father: {fileID: 650955994850892863}
  m_RootOrder: 0
  m_LocalEulerAnglesHint: {x: 0, y: 0, z: 0}
--- !u!1 &649445583929115999
GameObject:
  m_ObjectHideFlags: 0
  m_CorrespondingSourceObject: {fileID: 0}
  m_PrefabInstance: {fileID: 0}
  m_PrefabAsset: {fileID: 0}
  serializedVersion: 6
  m_Component:
  - component: {fileID: 654738811908388535}
  m_Layer: 12
  m_Name: Base Human001RDigit51
  m_TagString: Untagged
  m_Icon: {fileID: 0}
  m_NavMeshLayer: 0
  m_StaticEditorFlags: 0
  m_IsActive: 1
--- !u!4 &654738811908388535
Transform:
  m_ObjectHideFlags: 0
  m_CorrespondingSourceObject: {fileID: 0}
  m_PrefabInstance: {fileID: 0}
  m_PrefabAsset: {fileID: 0}
  m_GameObject: {fileID: 649445583929115999}
  m_LocalRotation: {x: 0.08272638, y: 0.06476082, z: 0.077101566, w: 0.99147254}
  m_LocalPosition: {x: -0.08527605, y: -0.0086105345, z: 0.039302688}
  m_LocalScale: {x: 1.000002, y: 1, z: 0.999998}
  m_Children:
  - {fileID: 655212851537888231}
  m_Father: {fileID: 654961070951947183}
  m_RootOrder: 4
  m_LocalEulerAnglesHint: {x: 0, y: 0, z: 0}
--- !u!1 &649496243001276201
GameObject:
  m_ObjectHideFlags: 0
  m_CorrespondingSourceObject: {fileID: 0}
  m_PrefabInstance: {fileID: 0}
  m_PrefabAsset: {fileID: 0}
  serializedVersion: 6
  m_Component:
  - component: {fileID: 654983462967243319}
  - component: {fileID: 639611742273073843}
  m_Layer: 12
  m_Name: RKnee
  m_TagString: Untagged
  m_Icon: {fileID: 0}
  m_NavMeshLayer: 0
  m_StaticEditorFlags: 0
  m_IsActive: 1
--- !u!4 &654983462967243319
Transform:
  m_ObjectHideFlags: 0
  m_CorrespondingSourceObject: {fileID: 0}
  m_PrefabInstance: {fileID: 0}
  m_PrefabAsset: {fileID: 0}
  m_GameObject: {fileID: 649496243001276201}
  m_LocalRotation: {x: -0.7071068, y: 0, z: -0, w: 0.7071068}
  m_LocalPosition: {x: 0.08989969, y: 0.5403445, z: -0.03694896}
  m_LocalScale: {x: 1, y: 1, z: 1}
  m_Children: []
  m_Father: {fileID: 654962710761534903}
  m_RootOrder: 13
  m_LocalEulerAnglesHint: {x: 0, y: 0, z: 0}
--- !u!137 &639611742273073843
SkinnedMeshRenderer:
  m_ObjectHideFlags: 0
  m_CorrespondingSourceObject: {fileID: 0}
  m_PrefabInstance: {fileID: 0}
  m_PrefabAsset: {fileID: 0}
  m_GameObject: {fileID: 649496243001276201}
  m_Enabled: 1
  m_CastShadows: 1
  m_ReceiveShadows: 1
  m_DynamicOccludee: 1
  m_MotionVectors: 1
  m_LightProbeUsage: 1
  m_ReflectionProbeUsage: 1
  m_RenderingLayerMask: 1
  m_RendererPriority: 0
  m_Materials:
  - {fileID: 2100000, guid: 877f893021e686b43b5ee82aaf0ab6e1, type: 2}
  m_StaticBatchInfo:
    firstSubMesh: 0
    subMeshCount: 0
  m_StaticBatchRoot: {fileID: 0}
  m_ProbeAnchor: {fileID: 0}
  m_LightProbeVolumeOverride: {fileID: 0}
  m_ScaleInLightmap: 1
  m_PreserveUVs: 0
  m_IgnoreNormalsForChartDetection: 0
  m_ImportantGI: 0
  m_StitchLightmapSeams: 0
  m_SelectedEditorRenderState: 3
  m_MinimumChartSize: 4
  m_AutoUVMaxDistance: 0.5
  m_AutoUVMaxAngle: 89
  m_LightmapParameters: {fileID: 0}
  m_SortingLayerID: 0
  m_SortingLayer: 0
  m_SortingOrder: 0
  serializedVersion: 2
  m_Quality: 0
  m_UpdateWhenOffscreen: 0
  m_SkinnedMotionVectors: 1
  m_Mesh: {fileID: 4300010, guid: a123bc3d048b39640a6552bd9a5ebc6d, type: 3}
  m_Bones:
  - {fileID: 650949679497157827}
  - {fileID: 651076408934354237}
  - {fileID: 654731572466604591}
  - {fileID: 655021273262294787}
  - {fileID: 651057782316308625}
  - {fileID: 655264820791749739}
  - {fileID: 650834555612036551}
  - {fileID: 655038896582521151}
  - {fileID: 654885847384808133}
  - {fileID: 650840980539576863}
  - {fileID: 651050471739601361}
  - {fileID: 650955605291363107}
  - {fileID: 651173101098766157}
  - {fileID: 654935610632825643}
  - {fileID: 655017832347192675}
  - {fileID: 654868158443727923}
  - {fileID: 651055453252367361}
  - {fileID: 650955994850892863}
  - {fileID: 650823990835997947}
  - {fileID: 654865542165682725}
  m_BlendShapeWeights: []
  m_RootBone: {fileID: 655038896582521151}
  m_AABB:
    m_Center: {x: 0.36945528, y: -0.003373593, z: -0.08878564}
    m_Extent: {x: 0.18525966, y: 0.10722543, z: 0.07716843}
  m_DirtyAABB: 0
--- !u!1 &649563145268613123
GameObject:
  m_ObjectHideFlags: 0
  m_CorrespondingSourceObject: {fileID: 0}
  m_PrefabInstance: {fileID: 0}
  m_PrefabAsset: {fileID: 0}
  serializedVersion: 6
  m_Component:
  - component: {fileID: 650955994850892863}
  m_Layer: 12
  m_Name: Base Human001LForearm
  m_TagString: Untagged
  m_Icon: {fileID: 0}
  m_NavMeshLayer: 0
  m_StaticEditorFlags: 0
  m_IsActive: 1
--- !u!4 &650955994850892863
Transform:
  m_ObjectHideFlags: 0
  m_CorrespondingSourceObject: {fileID: 0}
  m_PrefabInstance: {fileID: 0}
  m_PrefabAsset: {fileID: 0}
  m_GameObject: {fileID: 649563145268613123}
  m_LocalRotation: {x: 0.07187261, y: -0.05042093, z: -0.067858584, w: 0.9938246}
  m_LocalPosition: {x: -0.32630122, y: 0.0000006866455, z: -0.000000114440915}
  m_LocalScale: {x: 1.000001, y: 1, z: 1}
  m_Children:
  - {fileID: 650823990835997947}
  m_Father: {fileID: 651055453252367361}
  m_RootOrder: 0
  m_LocalEulerAnglesHint: {x: 0, y: 0, z: 0}
--- !u!1 &649596646841632047
GameObject:
  m_ObjectHideFlags: 0
  m_CorrespondingSourceObject: {fileID: 0}
  m_PrefabInstance: {fileID: 0}
  m_PrefabAsset: {fileID: 0}
  serializedVersion: 6
  m_Component:
  - component: {fileID: 655021273262294787}
  m_Layer: 12
  m_Name: Base Human001LCalf
  m_TagString: Untagged
  m_Icon: {fileID: 0}
  m_NavMeshLayer: 0
  m_StaticEditorFlags: 0
  m_IsActive: 1
--- !u!4 &655021273262294787
Transform:
  m_ObjectHideFlags: 0
  m_CorrespondingSourceObject: {fileID: 0}
  m_PrefabInstance: {fileID: 0}
  m_PrefabAsset: {fileID: 0}
  m_GameObject: {fileID: 649596646841632047}
  m_LocalRotation: {x: 0.000025541218, y: 0.00006357838, z: -0.00009957863, w: 1}
  m_LocalPosition: {x: -0.4453622, y: 0.0000006508827, z: -0.00000022172928}
  m_LocalScale: {x: 1, y: 1, z: 1}
  m_Children:
  - {fileID: 651057782316308625}
  m_Father: {fileID: 654731572466604591}
  m_RootOrder: 0
  m_LocalEulerAnglesHint: {x: 0, y: 0, z: 0}
--- !u!1 &649626323213996237
GameObject:
  m_ObjectHideFlags: 0
  m_CorrespondingSourceObject: {fileID: 0}
  m_PrefabInstance: {fileID: 0}
  m_PrefabAsset: {fileID: 0}
  serializedVersion: 6
  m_Component:
  - component: {fileID: 654961070951947183}
  m_Layer: 12
  m_Name: Base Human001RPalm
  m_TagString: Untagged
  m_Icon: {fileID: 0}
  m_NavMeshLayer: 0
  m_StaticEditorFlags: 0
  m_IsActive: 1
--- !u!4 &654961070951947183
Transform:
  m_ObjectHideFlags: 0
  m_CorrespondingSourceObject: {fileID: 0}
  m_PrefabInstance: {fileID: 0}
  m_PrefabAsset: {fileID: 0}
  m_GameObject: {fileID: 649626323213996237}
  m_LocalRotation: {x: 0.730905, y: -0.0001695433, z: 0.09238714, w: 0.6761971}
  m_LocalPosition: {x: -0.24885583, y: -0.00000082969666, z: 0}
  m_LocalScale: {x: 1.000001, y: 1, z: 1}
  m_Children:
  - {fileID: 651108639887227383}
  - {fileID: 650959914121293031}
  - {fileID: 650794425653169075}
  - {fileID: 654732317142561055}
  - {fileID: 654738811908388535}
  m_Father: {fileID: 651040569098503523}
  m_RootOrder: 0
  m_LocalEulerAnglesHint: {x: 0, y: 0, z: 0}
--- !u!1 &649629264270472325
GameObject:
  m_ObjectHideFlags: 0
  m_CorrespondingSourceObject: {fileID: 0}
  m_PrefabInstance: {fileID: 0}
  m_PrefabAsset: {fileID: 0}
  serializedVersion: 6
  m_Component:
  - component: {fileID: 655169047314792273}
  m_Layer: 12
  m_Name: Base Human001LDigit33
  m_TagString: Untagged
  m_Icon: {fileID: 0}
  m_NavMeshLayer: 0
  m_StaticEditorFlags: 0
  m_IsActive: 1
--- !u!4 &655169047314792273
Transform:
  m_ObjectHideFlags: 0
  m_CorrespondingSourceObject: {fileID: 0}
  m_PrefabInstance: {fileID: 0}
  m_PrefabAsset: {fileID: 0}
  m_GameObject: {fileID: 649629264270472325}
  m_LocalRotation: {x: -0.0000006258496, y: 0.0000039031697, z: 0.00000019371738,
    w: 1}
  m_LocalPosition: {x: -0.026303044, y: 0, z: 0.0000002002716}
  m_LocalScale: {x: 1.000001, y: 1, z: 0.999999}
  m_Children: []
  m_Father: {fileID: 655064087024788947}
  m_RootOrder: 0
  m_LocalEulerAnglesHint: {x: 0, y: 0, z: 0}
--- !u!1 &649640302837102105
GameObject:
  m_ObjectHideFlags: 0
  m_CorrespondingSourceObject: {fileID: 0}
  m_PrefabInstance: {fileID: 0}
  m_PrefabAsset: {fileID: 0}
  serializedVersion: 6
  m_Component:
  - component: {fileID: 654891159184509927}
  m_Layer: 12
  m_Name: Base Human001LDigit21
  m_TagString: Untagged
  m_Icon: {fileID: 0}
  m_NavMeshLayer: 0
  m_StaticEditorFlags: 0
  m_IsActive: 1
--- !u!4 &654891159184509927
Transform:
  m_ObjectHideFlags: 0
  m_CorrespondingSourceObject: {fileID: 0}
  m_PrefabInstance: {fileID: 0}
  m_PrefabAsset: {fileID: 0}
  m_GameObject: {fileID: 649640302837102105}
  m_LocalRotation: {x: -0.028177045, y: 0.07138124, z: 0.061574485, w: 0.99514794}
  m_LocalPosition: {x: -0.09162603, y: -0.0045438767, z: 0.0266861}
  m_LocalScale: {x: 1.000002, y: 1, z: 0.999998}
  m_Children:
  - {fileID: 650892597513130969}
  m_Father: {fileID: 650823990835997947}
  m_RootOrder: 1
  m_LocalEulerAnglesHint: {x: 0, y: 0, z: 0}
--- !u!1 &649641241106778217
GameObject:
  m_ObjectHideFlags: 0
  m_CorrespondingSourceObject: {fileID: 0}
  m_PrefabInstance: {fileID: 0}
  m_PrefabAsset: {fileID: 0}
  serializedVersion: 6
  m_Component:
  - component: {fileID: 654868158443727923}
  m_Layer: 12
  m_Name: Base Human001LCollarbone
  m_TagString: Untagged
  m_Icon: {fileID: 0}
  m_NavMeshLayer: 0
  m_StaticEditorFlags: 0
  m_IsActive: 1
--- !u!4 &654868158443727923
Transform:
  m_ObjectHideFlags: 0
  m_CorrespondingSourceObject: {fileID: 0}
  m_PrefabInstance: {fileID: 0}
  m_PrefabAsset: {fileID: 0}
  m_GameObject: {fileID: 649641241106778217}
  m_LocalRotation: {x: 0.19978088, y: 0.56440514, z: 0.24927074, w: 0.7611823}
  m_LocalPosition: {x: 0.02657341, y: 0.08681511, z: 0.015056415}
  m_LocalScale: {x: 1, y: 1, z: 1}
  m_Children:
  - {fileID: 651055453252367361}
  m_Father: {fileID: 655017832347192675}
  m_RootOrder: 0
  m_LocalEulerAnglesHint: {x: 0, y: 0, z: 0}
--- !u!1 &649665892719438483
GameObject:
  m_ObjectHideFlags: 0
  m_CorrespondingSourceObject: {fileID: 0}
  m_PrefabInstance: {fileID: 0}
  m_PrefabAsset: {fileID: 0}
  serializedVersion: 6
  m_Component:
  - component: {fileID: 654717763810145367}
  - component: {fileID: 639591740662160363}
  m_Layer: 12
  m_Name: LElbow
  m_TagString: Untagged
  m_Icon: {fileID: 0}
  m_NavMeshLayer: 0
  m_StaticEditorFlags: 0
  m_IsActive: 1
--- !u!4 &654717763810145367
Transform:
  m_ObjectHideFlags: 0
  m_CorrespondingSourceObject: {fileID: 0}
  m_PrefabInstance: {fileID: 0}
  m_PrefabAsset: {fileID: 0}
  m_GameObject: {fileID: 649665892719438483}
  m_LocalRotation: {x: -0.7071068, y: 0, z: -0, w: 0.7071068}
  m_LocalPosition: {x: -0.4167348, y: 1.4142153, z: -0.07442413}
  m_LocalScale: {x: 1, y: 1, z: 1}
  m_Children: []
  m_Father: {fileID: 654962710761534903}
  m_RootOrder: 5
  m_LocalEulerAnglesHint: {x: 0, y: 0, z: 0}
--- !u!137 &639591740662160363
SkinnedMeshRenderer:
  m_ObjectHideFlags: 0
  m_CorrespondingSourceObject: {fileID: 0}
  m_PrefabInstance: {fileID: 0}
  m_PrefabAsset: {fileID: 0}
  m_GameObject: {fileID: 649665892719438483}
  m_Enabled: 1
  m_CastShadows: 1
  m_ReceiveShadows: 1
  m_DynamicOccludee: 1
  m_MotionVectors: 1
  m_LightProbeUsage: 1
  m_ReflectionProbeUsage: 1
  m_RenderingLayerMask: 1
  m_RendererPriority: 0
  m_Materials:
  - {fileID: 2100000, guid: 877f893021e686b43b5ee82aaf0ab6e1, type: 2}
  m_StaticBatchInfo:
    firstSubMesh: 0
    subMeshCount: 0
  m_StaticBatchRoot: {fileID: 0}
  m_ProbeAnchor: {fileID: 0}
  m_LightProbeVolumeOverride: {fileID: 0}
  m_ScaleInLightmap: 1
  m_PreserveUVs: 0
  m_IgnoreNormalsForChartDetection: 0
  m_ImportantGI: 0
  m_StitchLightmapSeams: 0
  m_SelectedEditorRenderState: 3
  m_MinimumChartSize: 4
  m_AutoUVMaxDistance: 0.5
  m_AutoUVMaxAngle: 89
  m_LightmapParameters: {fileID: 0}
  m_SortingLayerID: 0
  m_SortingLayer: 0
  m_SortingOrder: 0
  serializedVersion: 2
  m_Quality: 0
  m_UpdateWhenOffscreen: 0
  m_SkinnedMotionVectors: 1
  m_Mesh: {fileID: 4300014, guid: a123bc3d048b39640a6552bd9a5ebc6d, type: 3}
  m_Bones:
  - {fileID: 651055453252367361}
  - {fileID: 650955994850892863}
  - {fileID: 650834555612036551}
  - {fileID: 654731572466604591}
  - {fileID: 655021273262294787}
  - {fileID: 651057782316308625}
  - {fileID: 655264820791749739}
  - {fileID: 651076408934354237}
  - {fileID: 655038896582521151}
  - {fileID: 650840980539576863}
  - {fileID: 651050471739601361}
  - {fileID: 650955605291363107}
  - {fileID: 651173101098766157}
  - {fileID: 654935610632825643}
  - {fileID: 655017832347192675}
  - {fileID: 654868158443727923}
  - {fileID: 650949679497157827}
  - {fileID: 654885847384808133}
  - {fileID: 650823990835997947}
  - {fileID: 654865542165682725}
  m_BlendShapeWeights: []
  m_RootBone: {fileID: 655038896582521151}
  m_AABB:
    m_Center: {x: -0.5010718, y: -0.03909061, z: 0.41464904}
    m_Extent: {x: 0.06647676, y: 0.058998875, z: 0.1364387}
  m_DirtyAABB: 0
--- !u!1 &649671521900970905
GameObject:
  m_ObjectHideFlags: 0
  m_CorrespondingSourceObject: {fileID: 0}
  m_PrefabInstance: {fileID: 0}
  m_PrefabAsset: {fileID: 0}
  serializedVersion: 6
  m_Component:
  - component: {fileID: 651183936985605979}
  - component: {fileID: 639687318399562667}
  m_Layer: 12
  m_Name: LKnee
  m_TagString: Untagged
  m_Icon: {fileID: 0}
  m_NavMeshLayer: 0
  m_StaticEditorFlags: 0
  m_IsActive: 1
--- !u!4 &651183936985605979
Transform:
  m_ObjectHideFlags: 0
  m_CorrespondingSourceObject: {fileID: 0}
  m_PrefabInstance: {fileID: 0}
  m_PrefabAsset: {fileID: 0}
  m_GameObject: {fileID: 649671521900970905}
  m_LocalRotation: {x: -0.7071068, y: 0, z: -0, w: 0.7071068}
  m_LocalPosition: {x: -0.090619385, y: 0.5357551, z: -0.038673468}
  m_LocalScale: {x: 1, y: 1, z: 1}
  m_Children: []
  m_Father: {fileID: 654962710761534903}
  m_RootOrder: 8
  m_LocalEulerAnglesHint: {x: 0, y: 0, z: 0}
--- !u!137 &639687318399562667
SkinnedMeshRenderer:
  m_ObjectHideFlags: 0
  m_CorrespondingSourceObject: {fileID: 0}
  m_PrefabInstance: {fileID: 0}
  m_PrefabAsset: {fileID: 0}
  m_GameObject: {fileID: 649671521900970905}
  m_Enabled: 1
  m_CastShadows: 1
  m_ReceiveShadows: 1
  m_DynamicOccludee: 1
  m_MotionVectors: 1
  m_LightProbeUsage: 1
  m_ReflectionProbeUsage: 1
  m_RenderingLayerMask: 1
  m_RendererPriority: 0
  m_Materials:
  - {fileID: 2100000, guid: 877f893021e686b43b5ee82aaf0ab6e1, type: 2}
  m_StaticBatchInfo:
    firstSubMesh: 0
    subMeshCount: 0
  m_StaticBatchRoot: {fileID: 0}
  m_ProbeAnchor: {fileID: 0}
  m_LightProbeVolumeOverride: {fileID: 0}
  m_ScaleInLightmap: 1
  m_PreserveUVs: 0
  m_IgnoreNormalsForChartDetection: 0
  m_ImportantGI: 0
  m_StitchLightmapSeams: 0
  m_SelectedEditorRenderState: 3
  m_MinimumChartSize: 4
  m_AutoUVMaxDistance: 0.5
  m_AutoUVMaxAngle: 89
  m_LightmapParameters: {fileID: 0}
  m_SortingLayerID: 0
  m_SortingLayer: 0
  m_SortingOrder: 0
  serializedVersion: 2
  m_Quality: 0
  m_UpdateWhenOffscreen: 0
  m_SkinnedMotionVectors: 1
  m_Mesh: {fileID: 4300006, guid: a123bc3d048b39640a6552bd9a5ebc6d, type: 3}
  m_Bones:
  - {fileID: 655021273262294787}
  - {fileID: 654731572466604591}
  - {fileID: 650834555612036551}
  - {fileID: 655038896582521151}
  - {fileID: 654885847384808133}
  - {fileID: 651057782316308625}
  - {fileID: 655264820791749739}
  - {fileID: 651076408934354237}
  - {fileID: 650949679497157827}
  - {fileID: 650840980539576863}
  - {fileID: 651050471739601361}
  - {fileID: 650955605291363107}
  - {fileID: 651173101098766157}
  - {fileID: 654935610632825643}
  - {fileID: 655017832347192675}
  - {fileID: 654868158443727923}
  - {fileID: 651055453252367361}
  - {fileID: 650955994850892863}
  - {fileID: 650823990835997947}
  - {fileID: 654865542165682725}
  m_BlendShapeWeights: []
  m_RootBone: {fileID: 655038896582521151}
  m_AABB:
    m_Center: {x: 0.3741203, y: -0.0067076534, z: 0.08955225}
    m_Extent: {x: 0.18907084, y: 0.10811342, z: 0.074630916}
  m_DirtyAABB: 0
--- !u!1 &649700976335140615
GameObject:
  m_ObjectHideFlags: 0
  m_CorrespondingSourceObject: {fileID: 0}
  m_PrefabInstance: {fileID: 0}
  m_PrefabAsset: {fileID: 0}
  serializedVersion: 6
  m_Component:
  - component: {fileID: 654865542165682725}
  m_Layer: 12
  m_Name: Base Human001LDigit11
  m_TagString: Untagged
  m_Icon: {fileID: 0}
  m_NavMeshLayer: 0
  m_StaticEditorFlags: 0
  m_IsActive: 1
--- !u!4 &654865542165682725
Transform:
  m_ObjectHideFlags: 0
  m_CorrespondingSourceObject: {fileID: 0}
  m_PrefabInstance: {fileID: 0}
  m_PrefabAsset: {fileID: 0}
  m_GameObject: {fileID: 649700976335140615}
  m_LocalRotation: {x: 0.30583185, y: 0.3444325, z: 0.17991549, w: 0.8691741}
  m_LocalPosition: {x: -0.025043163, y: -0.00806076, z: 0.031326484}
  m_LocalScale: {x: 1.000006, y: 0.999999, z: 0.999994}
  m_Children:
  - {fileID: 654901816846179463}
  m_Father: {fileID: 650823990835997947}
  m_RootOrder: 0
  m_LocalEulerAnglesHint: {x: 0, y: 0, z: 0}
--- !u!1 &649727802207387807
GameObject:
  m_ObjectHideFlags: 0
  m_CorrespondingSourceObject: {fileID: 0}
  m_PrefabInstance: {fileID: 0}
  m_PrefabAsset: {fileID: 0}
  serializedVersion: 6
  m_Component:
  - component: {fileID: 655211861987707701}
  m_Layer: 12
  m_Name: Base Human001RDigit12
  m_TagString: Untagged
  m_Icon: {fileID: 0}
  m_NavMeshLayer: 0
  m_StaticEditorFlags: 0
  m_IsActive: 1
--- !u!4 &655211861987707701
Transform:
  m_ObjectHideFlags: 0
  m_CorrespondingSourceObject: {fileID: 0}
  m_PrefabInstance: {fileID: 0}
  m_PrefabAsset: {fileID: 0}
  m_GameObject: {fileID: 649727802207387807}
  m_LocalRotation: {x: -0.0000015348205, y: 0.0000009983809, z: 0.000001981868, w: 1}
  m_LocalPosition: {x: -0.027196769, y: -0.00000022888183, z: 0.000000114440915}
  m_LocalScale: {x: 0.999994, y: 1.000001, z: 1.000006}
  m_Children:
  - {fileID: 651070783409687035}
  m_Father: {fileID: 651108639887227383}
  m_RootOrder: 0
  m_LocalEulerAnglesHint: {x: 0, y: 0, z: 0}
--- !u!1 &649731195354392615
GameObject:
  m_ObjectHideFlags: 0
  m_CorrespondingSourceObject: {fileID: 0}
  m_PrefabInstance: {fileID: 0}
  m_PrefabAsset: {fileID: 0}
  serializedVersion: 6
  m_Component:
  - component: {fileID: 654731572466604591}
  m_Layer: 12
  m_Name: Base Human001LThigh
  m_TagString: Untagged
  m_Icon: {fileID: 0}
  m_NavMeshLayer: 0
  m_StaticEditorFlags: 0
  m_IsActive: 1
--- !u!4 &654731572466604591
Transform:
  m_ObjectHideFlags: 0
  m_CorrespondingSourceObject: {fileID: 0}
  m_PrefabInstance: {fileID: 0}
  m_PrefabAsset: {fileID: 0}
  m_GameObject: {fileID: 649731195354392615}
  m_LocalRotation: {x: 0.06547737, y: 0.9978323, z: -0.005117692, w: -0.0041583413}
  m_LocalPosition: {x: -0.016830998, y: 0.045891095, z: 0.08598911}
  m_LocalScale: {x: 1.000021, y: 1, z: 1}
  m_Children:
  - {fileID: 655021273262294787}
  m_Father: {fileID: 655038896582521151}
  m_RootOrder: 0
  m_LocalEulerAnglesHint: {x: 0, y: 0, z: 0}
