%YAML 1.1
%TAG !u! tag:unity3d.com,2011:
--- !u!1 &7062635566352264561
GameObject:
  m_ObjectHideFlags: 0
  m_CorrespondingSourceObject: {fileID: 0}
  m_PrefabInstance: {fileID: 0}
  m_PrefabAsset: {fileID: 0}
  serializedVersion: 6
  m_Component:
  - component: {fileID: 7065844709323390529}
  m_Layer: 12
  m_Name: Base Human001LDigit23
  m_TagString: Untagged
  m_Icon: {fileID: 0}
  m_NavMeshLayer: 0
  m_StaticEditorFlags: 0
  m_IsActive: 1
--- !u!4 &7065844709323390529
Transform:
  m_ObjectHideFlags: 0
  m_CorrespondingSourceObject: {fileID: 0}
  m_PrefabInstance: {fileID: 0}
  m_PrefabAsset: {fileID: 0}
  m_GameObject: {fileID: 7062635566352264561}
  m_LocalRotation: {x: -0.00000027943253, y: 0.000003862173, z: 0.01928695, w: 0.999814}
  m_LocalPosition: {x: -0.028705815, y: 0, z: 0.00000022172928}
  m_LocalScale: {x: 1.000002, y: 1, z: 0.999998}
  m_Children: []
  m_Father: {fileID: 7066131653620417335}
  m_RootOrder: 0
  m_LocalEulerAnglesHint: {x: 0, y: 0, z: 0}
--- !u!1 &7062650868184969543
GameObject:
  m_ObjectHideFlags: 0
  m_CorrespondingSourceObject: {fileID: 0}
  m_PrefabInstance: {fileID: 0}
  m_PrefabAsset: {fileID: 0}
  serializedVersion: 6
  m_Component:
  - component: {fileID: 7065886272241975707}
  m_Layer: 12
  m_Name: Base Human001RDigit43
  m_TagString: Untagged
  m_Icon: {fileID: 0}
  m_NavMeshLayer: 0
  m_StaticEditorFlags: 0
  m_IsActive: 1
--- !u!4 &7065886272241975707
Transform:
  m_ObjectHideFlags: 0
  m_CorrespondingSourceObject: {fileID: 0}
  m_PrefabInstance: {fileID: 0}
  m_PrefabAsset: {fileID: 0}
  m_GameObject: {fileID: 7062650868184969543}
  m_LocalRotation: {x: -0.00000051781404, y: 0.000003995371, z: -0.0000003427244,
    w: 1}
  m_LocalPosition: {x: -0.026205739, y: 0, z: 0.00000020742416}
  m_LocalScale: {x: 1.000001, y: 1, z: 1}
  m_Children: []
  m_Father: {fileID: 7066631097529439341}
  m_RootOrder: 0
  m_LocalEulerAnglesHint: {x: 0, y: 0, z: 0}
--- !u!1 &7062660169482988983
GameObject:
  m_ObjectHideFlags: 0
  m_CorrespondingSourceObject: {fileID: 0}
  m_PrefabInstance: {fileID: 0}
  m_PrefabAsset: {fileID: 0}
  serializedVersion: 6
  m_Component:
  - component: {fileID: 7066390268241334757}
  m_Layer: 12
  m_Name: Base Human001RCalf
  m_TagString: Untagged
  m_Icon: {fileID: 0}
  m_NavMeshLayer: 0
  m_StaticEditorFlags: 0
  m_IsActive: 1
--- !u!4 &7066390268241334757
Transform:
  m_ObjectHideFlags: 0
  m_CorrespondingSourceObject: {fileID: 0}
  m_PrefabInstance: {fileID: 0}
  m_PrefabAsset: {fileID: 0}
  m_GameObject: {fileID: 7062660169482988983}
  m_LocalRotation: {x: -0.00003356855, y: -0.000012698197, z: 0.00009951697, w: 1}
  m_LocalPosition: {x: -0.44536215, y: 0.0000006437302, z: 0.00000022888183}
  m_LocalScale: {x: 1, y: 1, z: 1}
  m_Children:
  - {fileID: 7065827585754624189}
  m_Father: {fileID: 7066370938377851179}
  m_RootOrder: 0
  m_LocalEulerAnglesHint: {x: 0, y: 0, z: 0}
--- !u!1 &7062660624811019015
GameObject:
  m_ObjectHideFlags: 0
  m_CorrespondingSourceObject: {fileID: 0}
  m_PrefabInstance: {fileID: 0}
  m_PrefabAsset: {fileID: 0}
  serializedVersion: 6
  m_Component:
  - component: {fileID: 7066406215917439083}
  m_Layer: 12
  m_Name: Base Human001RDigit13
  m_TagString: Untagged
  m_Icon: {fileID: 0}
  m_NavMeshLayer: 0
  m_StaticEditorFlags: 0
  m_IsActive: 1
--- !u!4 &7066406215917439083
Transform:
  m_ObjectHideFlags: 0
  m_CorrespondingSourceObject: {fileID: 0}
  m_PrefabInstance: {fileID: 0}
  m_PrefabAsset: {fileID: 0}
  m_GameObject: {fileID: 7062660624811019015}
  m_LocalRotation: {x: -0.0000015348205, y: 0.0000009983809, z: 0.000001981868, w: 1}
  m_LocalPosition: {x: -0.027196655, y: -0.000000114440915, z: 0}
  m_LocalScale: {x: 0.999994, y: 1.000001, z: 1.000006}
  m_Children: []
  m_Father: {fileID: 7066261164600319379}
  m_RootOrder: 0
  m_LocalEulerAnglesHint: {x: 0, y: 0, z: 0}
--- !u!1 &7062682332965549075
GameObject:
  m_ObjectHideFlags: 0
  m_CorrespondingSourceObject: {fileID: 0}
  m_PrefabInstance: {fileID: 0}
  m_PrefabAsset: {fileID: 0}
  serializedVersion: 6
  m_Component:
  - component: {fileID: 7066288504166417753}
  m_Layer: 12
  m_Name: Base Human001Spine2
  m_TagString: Untagged
  m_Icon: {fileID: 0}
  m_NavMeshLayer: 0
  m_StaticEditorFlags: 0
  m_IsActive: 1
--- !u!4 &7066288504166417753
Transform:
  m_ObjectHideFlags: 0
  m_CorrespondingSourceObject: {fileID: 0}
  m_PrefabInstance: {fileID: 0}
  m_PrefabAsset: {fileID: 0}
  m_GameObject: {fileID: 7062682332965549075}
  m_LocalRotation: {x: -0.000000007347342, y: 0.000000024972834, z: 0.15778679, w: 0.9874732}
  m_LocalPosition: {x: -0.17459226, y: 0, z: 6.82121e-15}
  m_LocalScale: {x: 1, y: 1, z: 1}
  m_Children:
  - {fileID: 7066016279582399779}
  m_Father: {fileID: 7065886495515975719}
  m_RootOrder: 0
  m_LocalEulerAnglesHint: {x: 0, y: 0, z: 0}
--- !u!1 &7062719541330756131
GameObject:
  m_ObjectHideFlags: 0
  m_CorrespondingSourceObject: {fileID: 0}
  m_PrefabInstance: {fileID: 0}
  m_PrefabAsset: {fileID: 0}
  serializedVersion: 6
  m_Component:
  - component: {fileID: 7065904097455166377}
  m_Layer: 12
  m_Name: Base Human001LDigit51
  m_TagString: Untagged
  m_Icon: {fileID: 0}
  m_NavMeshLayer: 0
  m_StaticEditorFlags: 0
  m_IsActive: 1
--- !u!4 &7065904097455166377
Transform:
  m_ObjectHideFlags: 0
  m_CorrespondingSourceObject: {fileID: 0}
  m_PrefabInstance: {fileID: 0}
  m_PrefabAsset: {fileID: 0}
  m_GameObject: {fileID: 7062719541330756131}
  m_LocalRotation: {x: -0.08272802, y: -0.064753294, z: 0.07710227, w: 0.99147284}
  m_LocalPosition: {x: -0.08527531, y: -0.00861042, z: -0.039301362}
  m_LocalScale: {x: 0.999998, y: 1, z: 1.000002}
  m_Children:
  - {fileID: 7065813806329377883}
  m_Father: {fileID: 7066484940106136593}
  m_RootOrder: 4
  m_LocalEulerAnglesHint: {x: 0, y: 0, z: 0}
--- !u!1 &7062753437526190885
GameObject:
  m_ObjectHideFlags: 0
  m_CorrespondingSourceObject: {fileID: 0}
  m_PrefabInstance: {fileID: 0}
  m_PrefabAsset: {fileID: 0}
  serializedVersion: 6
  m_Component:
  - component: {fileID: 7065820763313422063}
  m_Layer: 12
  m_Name: Base Human001Pelvis
  m_TagString: Untagged
  m_Icon: {fileID: 0}
  m_NavMeshLayer: 0
  m_StaticEditorFlags: 0
  m_IsActive: 1
--- !u!4 &7065820763313422063
Transform:
  m_ObjectHideFlags: 0
  m_CorrespondingSourceObject: {fileID: 0}
  m_PrefabInstance: {fileID: 0}
  m_PrefabAsset: {fileID: 0}
  m_GameObject: {fileID: 7062753437526190885}
  m_LocalRotation: {x: 0.49912703, y: -0.50087154, z: -0.49912694, w: 0.5008715}
  m_LocalPosition: {x: 0.000000044889905, y: 0.9103946, z: -0.035709515}
  m_LocalScale: {x: 1, y: 1, z: 1}
  m_Children:
  - {fileID: 7066081733119262175}
  - {fileID: 7066370938377851179}
  - {fileID: 7065886495515975719}
  m_Father: {fileID: 7066294736548976231}
  m_RootOrder: 1
  m_LocalEulerAnglesHint: {x: 0, y: 0, z: 0}
--- !u!1 &7062773954566093995
GameObject:
  m_ObjectHideFlags: 0
  m_CorrespondingSourceObject: {fileID: 0}
  m_PrefabInstance: {fileID: 0}
  m_PrefabAsset: {fileID: 0}
  serializedVersion: 6
  m_Component:
  - component: {fileID: 7065769262000206393}
  m_Layer: 12
  m_Name: Base Human001LDigit42
  m_TagString: Untagged
  m_Icon: {fileID: 0}
  m_NavMeshLayer: 0
  m_StaticEditorFlags: 0
  m_IsActive: 1
--- !u!4 &7065769262000206393
Transform:
  m_ObjectHideFlags: 0
  m_CorrespondingSourceObject: {fileID: 0}
  m_PrefabInstance: {fileID: 0}
  m_PrefabAsset: {fileID: 0}
  m_GameObject: {fileID: 7062773954566093995}
  m_LocalRotation: {x: 0.000001396453, y: 0.00012539353, z: 0.0001230686, w: 1}
  m_LocalPosition: {x: -0.031774893, y: 0, z: 0.00000025749205}
  m_LocalScale: {x: 0.999999, y: 1, z: 1.000001}
  m_Children:
  - {fileID: 7065760004872537865}
  m_Father: {fileID: 7066243178065974197}
  m_RootOrder: 0
  m_LocalEulerAnglesHint: {x: 0, y: 0, z: 0}
--- !u!1 &7062823383197005031
GameObject:
  m_ObjectHideFlags: 0
  m_CorrespondingSourceObject: {fileID: 0}
  m_PrefabInstance: {fileID: 0}
  m_PrefabAsset: {fileID: 0}
  serializedVersion: 6
  m_Component:
  - component: {fileID: 7066261164600319379}
  m_Layer: 12
  m_Name: Base Human001RDigit12
  m_TagString: Untagged
  m_Icon: {fileID: 0}
  m_NavMeshLayer: 0
  m_StaticEditorFlags: 0
  m_IsActive: 1
--- !u!4 &7066261164600319379
Transform:
  m_ObjectHideFlags: 0
  m_CorrespondingSourceObject: {fileID: 0}
  m_PrefabInstance: {fileID: 0}
  m_PrefabAsset: {fileID: 0}
  m_GameObject: {fileID: 7062823383197005031}
  m_LocalRotation: {x: -0.0000015348205, y: 0.0000009983809, z: 0.000001981868, w: 1}
  m_LocalPosition: {x: -0.027196769, y: -0.00000022888183, z: 0.000000114440915}
  m_LocalScale: {x: 0.999994, y: 1.000001, z: 1.000006}
  m_Children:
  - {fileID: 7066406215917439083}
  m_Father: {fileID: 7065888731957976041}
  m_RootOrder: 0
  m_LocalEulerAnglesHint: {x: 0, y: 0, z: 0}
--- !u!1 &7062833292857083711
GameObject:
  m_ObjectHideFlags: 0
  m_CorrespondingSourceObject: {fileID: 0}
  m_PrefabInstance: {fileID: 0}
  m_PrefabAsset: {fileID: 0}
  serializedVersion: 6
  m_Component:
  - component: {fileID: 7066155821191401443}
  m_Layer: 12
  m_Name: Base Human001RDigit53
  m_TagString: Untagged
  m_Icon: {fileID: 0}
  m_NavMeshLayer: 0
  m_StaticEditorFlags: 0
  m_IsActive: 1
--- !u!4 &7066155821191401443
Transform:
  m_ObjectHideFlags: 0
  m_CorrespondingSourceObject: {fileID: 0}
  m_PrefabInstance: {fileID: 0}
  m_PrefabAsset: {fileID: 0}
  m_GameObject: {fileID: 7062833292857083711}
  m_LocalRotation: {x: -0.013674798, y: 0.0000037992902, z: -0.0000006186542, w: 0.99990654}
  m_LocalPosition: {x: -0.023020161, y: 0.000000114440915, z: 0.00000017166137}
  m_LocalScale: {x: 1.000002, y: 1, z: 0.999998}
  m_Children: []
  m_Father: {fileID: 7065804681798240409}
  m_RootOrder: 0
  m_LocalEulerAnglesHint: {x: 0, y: 0, z: 0}
--- !u!1 &7062851228195758457
GameObject:
  m_ObjectHideFlags: 0
  m_CorrespondingSourceObject: {fileID: 0}
  m_PrefabInstance: {fileID: 0}
  m_PrefabAsset: {fileID: 0}
  serializedVersion: 6
  m_Component:
  - component: {fileID: 7066313802474082969}
  - component: {fileID: 7198918267111544033}
  m_Layer: 12
  m_Name: Pelvis
  m_TagString: Untagged
  m_Icon: {fileID: 0}
  m_NavMeshLayer: 0
  m_StaticEditorFlags: 0
  m_IsActive: 1
--- !u!4 &7066313802474082969
Transform:
  m_ObjectHideFlags: 0
  m_CorrespondingSourceObject: {fileID: 0}
  m_PrefabInstance: {fileID: 0}
  m_PrefabAsset: {fileID: 0}
  m_GameObject: {fileID: 7062851228195758457}
  m_LocalRotation: {x: -0.7071068, y: 0, z: -0, w: 0.7071068}
  m_LocalPosition: {x: 0.0005282933, y: 0.916303, z: -0.009488195}
  m_LocalScale: {x: 1, y: 1, z: 1}
  m_Children: []
  m_Father: {fileID: 7066294736548976231}
  m_RootOrder: 9
  m_LocalEulerAnglesHint: {x: 0, y: 0, z: 0}
--- !u!137 &7198918267111544033
SkinnedMeshRenderer:
  m_ObjectHideFlags: 0
  m_CorrespondingSourceObject: {fileID: 0}
  m_PrefabInstance: {fileID: 0}
  m_PrefabAsset: {fileID: 0}
  m_GameObject: {fileID: 7062851228195758457}
  m_Enabled: 1
  m_CastShadows: 1
  m_ReceiveShadows: 1
  m_DynamicOccludee: 1
  m_MotionVectors: 1
  m_LightProbeUsage: 1
  m_ReflectionProbeUsage: 1
  m_RenderingLayerMask: 1
  m_RendererPriority: 0
  m_Materials:
  - {fileID: 2100000, guid: eff790960f165e34faa5b7263095b2d9, type: 2}
  m_StaticBatchInfo:
    firstSubMesh: 0
    subMeshCount: 0
  m_StaticBatchRoot: {fileID: 0}
  m_ProbeAnchor: {fileID: 0}
  m_LightProbeVolumeOverride: {fileID: 0}
  m_ScaleInLightmap: 1
  m_PreserveUVs: 0
  m_IgnoreNormalsForChartDetection: 0
  m_ImportantGI: 0
  m_StitchLightmapSeams: 0
  m_SelectedEditorRenderState: 3
  m_MinimumChartSize: 4
  m_AutoUVMaxDistance: 0.5
  m_AutoUVMaxAngle: 89
  m_LightmapParameters: {fileID: 0}
  m_SortingLayerID: 0
  m_SortingLayer: 0
  m_SortingOrder: 0
  serializedVersion: 2
  m_Quality: 0
  m_UpdateWhenOffscreen: 0
  m_SkinnedMotionVectors: 1
  m_Mesh: {fileID: 4300002, guid: a123bc3d048b39640a6552bd9a5ebc6d, type: 3}
  m_Bones:
  - {fileID: 7065886495515975719}
  - {fileID: 7065820763313422063}
  - {fileID: 7066081733119262175}
  - {fileID: 7066370938377851179}
  - {fileID: 7066211091701016149}
  - {fileID: 7066640240684789361}
  - {fileID: 7066499248159085697}
  - {fileID: 7065975671337471063}
  - {fileID: 7066390268241334757}
  - {fileID: 7065827585754624189}
  - {fileID: 7066591394117586417}
  - {fileID: 7066542044833712071}
  - {fileID: 7066288504166417753}
  - {fileID: 7066016279582399779}
  - {fileID: 7066417674454524657}
  - {fileID: 7066392156647471705}
  - {fileID: 7066263950593374825}
  - {fileID: 7065858401182831215}
  - {fileID: 7066484940106136593}
  - {fileID: 7066090545985224359}
  m_BlendShapeWeights: []
  m_RootBone: {fileID: 7065820763313422063}
  m_AABB:
    m_Center: {x: -0.010445349, y: 0.024831265, z: -0.0007544905}
    m_Extent: {x: 0.24816912, y: 0.17841068, z: 0.20043235}
  m_DirtyAABB: 0
--- !u!1 &7062870737760438261
GameObject:
  m_ObjectHideFlags: 0
  m_CorrespondingSourceObject: {fileID: 0}
  m_PrefabInstance: {fileID: 0}
  m_PrefabAsset: {fileID: 0}
  serializedVersion: 6
  m_Component:
  - component: {fileID: 7066090545985224359}
  m_Layer: 12
  m_Name: Base Human001LDigit11
  m_TagString: Untagged
  m_Icon: {fileID: 0}
  m_NavMeshLayer: 0
  m_StaticEditorFlags: 0
  m_IsActive: 1
--- !u!4 &7066090545985224359
Transform:
  m_ObjectHideFlags: 0
  m_CorrespondingSourceObject: {fileID: 0}
  m_PrefabInstance: {fileID: 0}
  m_PrefabAsset: {fileID: 0}
  m_GameObject: {fileID: 7062870737760438261}
  m_LocalRotation: {x: 0.30583185, y: 0.3444325, z: 0.17991549, w: 0.8691741}
  m_LocalPosition: {x: -0.025043163, y: -0.00806076, z: 0.031326484}
  m_LocalScale: {x: 1.000006, y: 0.999999, z: 0.999994}
  m_Children:
  - {fileID: 7065870647428096091}
  m_Father: {fileID: 7066484940106136593}
  m_RootOrder: 0
  m_LocalEulerAnglesHint: {x: 0, y: 0, z: 0}
--- !u!1 &7062882670416421631
GameObject:
  m_ObjectHideFlags: 0
  m_CorrespondingSourceObject: {fileID: 0}
  m_PrefabInstance: {fileID: 0}
  m_PrefabAsset: {fileID: 0}
  serializedVersion: 6
  m_Component:
  - component: {fileID: 7066631304906796005}
  m_Layer: 12
  m_Name: Base Human001RDigit51
  m_TagString: Untagged
  m_Icon: {fileID: 0}
  m_NavMeshLayer: 0
  m_StaticEditorFlags: 0
  m_IsActive: 1
--- !u!4 &7066631304906796005
Transform:
  m_ObjectHideFlags: 0
  m_CorrespondingSourceObject: {fileID: 0}
  m_PrefabInstance: {fileID: 0}
  m_PrefabAsset: {fileID: 0}
  m_GameObject: {fileID: 7062882670416421631}
  m_LocalRotation: {x: 0.08272638, y: 0.06476082, z: 0.077101566, w: 0.99147254}
  m_LocalPosition: {x: -0.08527605, y: -0.0086105345, z: 0.039302688}
  m_LocalScale: {x: 1.000002, y: 1, z: 0.999998}
  m_Children:
  - {fileID: 7065804681798240409}
  m_Father: {fileID: 7066527640135201473}
  m_RootOrder: 4
  m_LocalEulerAnglesHint: {x: 0, y: 0, z: 0}
--- !u!1 &7062932492345672227
GameObject:
  m_ObjectHideFlags: 0
  m_CorrespondingSourceObject: {fileID: 0}
  m_PrefabInstance: {fileID: 0}
  m_PrefabAsset: {fileID: 0}
  serializedVersion: 6
  m_Component:
  - component: {fileID: 7066527640135201473}
  m_Layer: 12
  m_Name: Base Human001RPalm
  m_TagString: Untagged
  m_Icon: {fileID: 0}
  m_NavMeshLayer: 0
  m_StaticEditorFlags: 0
  m_IsActive: 1
--- !u!4 &7066527640135201473
Transform:
  m_ObjectHideFlags: 0
  m_CorrespondingSourceObject: {fileID: 0}
  m_PrefabInstance: {fileID: 0}
  m_PrefabAsset: {fileID: 0}
  m_GameObject: {fileID: 7062932492345672227}
  m_LocalRotation: {x: 0.730905, y: -0.0001695433, z: 0.09238714, w: 0.6761971}
  m_LocalPosition: {x: -0.24885583, y: -0.00000082969666, z: 0}
  m_LocalScale: {x: 1.000001, y: 1, z: 1}
  m_Children:
  - {fileID: 7065888731957976041}
  - {fileID: 7066547198174730677}
  - {fileID: 7065658437778191331}
  - {fileID: 7065690087038022599}
  - {fileID: 7066631304906796005}
  m_Father: {fileID: 7065982785994915413}
  m_RootOrder: 0
  m_LocalEulerAnglesHint: {x: 0, y: 0, z: 0}
--- !u!1 &7062938287848973581
GameObject:
  m_ObjectHideFlags: 0
  m_CorrespondingSourceObject: {fileID: 0}
  m_PrefabInstance: {fileID: 0}
  m_PrefabAsset: {fileID: 0}
  serializedVersion: 6
  m_Component:
  - component: {fileID: 7065760004872537865}
  m_Layer: 12
  m_Name: Base Human001LDigit43
  m_TagString: Untagged
  m_Icon: {fileID: 0}
  m_NavMeshLayer: 0
  m_StaticEditorFlags: 0
  m_IsActive: 1
--- !u!4 &7065760004872537865
Transform:
  m_ObjectHideFlags: 0
  m_CorrespondingSourceObject: {fileID: 0}
  m_PrefabInstance: {fileID: 0}
  m_PrefabAsset: {fileID: 0}
  m_GameObject: {fileID: 7062938287848973581}
  m_LocalRotation: {x: -0.0000005140913, y: 0.000004014934, z: 0.00000029802547, w: 1}
  m_LocalPosition: {x: -0.026205625, y: 0, z: 0.00000021457672}
  m_LocalScale: {x: 0.999999, y: 1, z: 1.000001}
  m_Children: []
  m_Father: {fileID: 7065769262000206393}
  m_RootOrder: 0
  m_LocalEulerAnglesHint: {x: 0, y: 0, z: 0}
--- !u!1 &7062957940527040353
GameObject:
  m_ObjectHideFlags: 0
  m_CorrespondingSourceObject: {fileID: 0}
  m_PrefabInstance: {fileID: 0}
  m_PrefabAsset: {fileID: 0}
  serializedVersion: 6
  m_Component:
  - component: {fileID: 7066243178065974197}
  m_Layer: 12
  m_Name: Base Human001LDigit41
  m_TagString: Untagged
  m_Icon: {fileID: 0}
  m_NavMeshLayer: 0
  m_StaticEditorFlags: 0
  m_IsActive: 1
--- !u!4 &7066243178065974197
Transform:
  m_ObjectHideFlags: 0
  m_CorrespondingSourceObject: {fileID: 0}
  m_PrefabInstance: {fileID: 0}
  m_PrefabAsset: {fileID: 0}
  m_GameObject: {fileID: 7062957940527040353}
  m_LocalRotation: {x: -0.04266125, y: -0.010352683, z: 0.068744585, w: 0.996668}
  m_LocalPosition: {x: -0.093079664, y: -0.0025513459, z: -0.017999033}
  m_LocalScale: {x: 0.999999, y: 1, z: 1.000001}
  m_Children:
  - {fileID: 7065769262000206393}
  m_Father: {fileID: 7066484940106136593}
  m_RootOrder: 3
  m_LocalEulerAnglesHint: {x: 0, y: 0, z: 0}
--- !u!1 &7062967776067907797
GameObject:
  m_ObjectHideFlags: 0
  m_CorrespondingSourceObject: {fileID: 0}
  m_PrefabInstance: {fileID: 0}
  m_PrefabAsset: {fileID: 0}
  serializedVersion: 6
  m_Component:
  - component: {fileID: 7065690087038022599}
  m_Layer: 12
  m_Name: Base Human001RDigit41
  m_TagString: Untagged
  m_Icon: {fileID: 0}
  m_NavMeshLayer: 0
  m_StaticEditorFlags: 0
  m_IsActive: 1
--- !u!4 &7065690087038022599
Transform:
  m_ObjectHideFlags: 0
  m_CorrespondingSourceObject: {fileID: 0}
  m_PrefabInstance: {fileID: 0}
  m_PrefabAsset: {fileID: 0}
  m_GameObject: {fileID: 7062967776067907797}
  m_LocalRotation: {x: 0.04265974, y: 0.010360544, z: 0.0687442, w: 0.996668}
  m_LocalPosition: {x: -0.09308006, y: -0.0025513459, z: 0.018000452}
  m_LocalScale: {x: 1.000001, y: 1, z: 1}
  m_Children:
  - {fileID: 7066631097529439341}
  m_Father: {fileID: 7066527640135201473}
  m_RootOrder: 3
  m_LocalEulerAnglesHint: {x: 0, y: 0, z: 0}
--- !u!1 &7062974008609463789
GameObject:
  m_ObjectHideFlags: 0
  m_CorrespondingSourceObject: {fileID: 0}
  m_PrefabInstance: {fileID: 0}
  m_PrefabAsset: {fileID: 0}
  serializedVersion: 6
  m_Component:
  - component: {fileID: 7065944263474253357}
  m_Layer: 12
  m_Name: Base Human001LDigit31
  m_TagString: Untagged
  m_Icon: {fileID: 0}
  m_NavMeshLayer: 0
  m_StaticEditorFlags: 0
  m_IsActive: 1
--- !u!4 &7065944263474253357
Transform:
  m_ObjectHideFlags: 0
  m_CorrespondingSourceObject: {fileID: 0}
  m_PrefabInstance: {fileID: 0}
  m_PrefabAsset: {fileID: 0}
  m_GameObject: {fileID: 7062974008609463789}
  m_LocalRotation: {x: -0.013117067, y: 0.041601624, z: 0.043578506, w: 0.9980973}
  m_LocalPosition: {x: -0.092740804, y: -0.0024755858, z: 0.0014503705}
  m_LocalScale: {x: 1.000001, y: 1, z: 0.999999}
  m_Children:
  - {fileID: 7065759973579144043}
  m_Father: {fileID: 7066484940106136593}
  m_RootOrder: 2
  m_LocalEulerAnglesHint: {x: 0, y: 0, z: 0}
--- !u!1 &7062986604848425689
GameObject:
  m_ObjectHideFlags: 0
  m_CorrespondingSourceObject: {fileID: 0}
  m_PrefabInstance: {fileID: 0}
  m_PrefabAsset: {fileID: 0}
  serializedVersion: 6
  m_Component:
  - component: {fileID: 7066484940106136593}
  m_Layer: 12
  m_Name: Base Human001LPalm
  m_TagString: Untagged
  m_Icon: {fileID: 0}
  m_NavMeshLayer: 0
  m_StaticEditorFlags: 0
  m_IsActive: 1
--- !u!4 &7066484940106136593
Transform:
  m_ObjectHideFlags: 0
  m_CorrespondingSourceObject: {fileID: 0}
  m_PrefabInstance: {fileID: 0}
  m_PrefabAsset: {fileID: 0}
  m_GameObject: {fileID: 7062986604848425689}
  m_LocalRotation: {x: -0.730903, y: 0.0001737131, z: 0.09238296, w: 0.67619973}
  m_LocalPosition: {x: -0.24885601, y: 0.00000084400176, z: -0.000000114440915}
  m_LocalScale: {x: 1, y: 1, z: 1}
  m_Children:
  - {fileID: 7066090545985224359}
  - {fileID: 7066568855788037029}
  - {fileID: 7065944263474253357}
  - {fileID: 7066243178065974197}
  - {fileID: 7065904097455166377}
  m_Father: {fileID: 7065858401182831215}
  m_RootOrder: 0
  m_LocalEulerAnglesHint: {x: 0, y: 0, z: 0}
--- !u!1 &7062996521434914195
GameObject:
  m_ObjectHideFlags: 0
  m_CorrespondingSourceObject: {fileID: 0}
  m_PrefabInstance: {fileID: 0}
  m_PrefabAsset: {fileID: 0}
  serializedVersion: 6
  m_Component:
  - component: {fileID: 7066263950593374825}
  m_Layer: 12
  m_Name: Base Human001LUpperarm
  m_TagString: Untagged
  m_Icon: {fileID: 0}
  m_NavMeshLayer: 0
  m_StaticEditorFlags: 0
  m_IsActive: 1
--- !u!4 &7066263950593374825
Transform:
  m_ObjectHideFlags: 0
  m_CorrespondingSourceObject: {fileID: 0}
  m_PrefabInstance: {fileID: 0}
  m_PrefabAsset: {fileID: 0}
  m_GameObject: {fileID: 7062996521434914195}
  m_LocalRotation: {x: 0.015034445, y: 0.2017987, z: -0.2885561, w: 0.93583477}
  m_LocalPosition: {x: -0.15892747, y: 0.000000057220458, z: 0.000000114440915}
  m_LocalScale: {x: 1, y: 1, z: 1}
  m_Children:
  - {fileID: 7065858401182831215}
  m_Father: {fileID: 7066392156647471705}
  m_RootOrder: 0
  m_LocalEulerAnglesHint: {x: 0, y: 0, z: 0}
--- !u!1 &7062996709078076081
GameObject:
  m_ObjectHideFlags: 0
  m_CorrespondingSourceObject: {fileID: 0}
  m_PrefabInstance: {fileID: 0}
  m_PrefabAsset: {fileID: 0}
  serializedVersion: 6
  m_Component:
  - component: {fileID: 7065783934823115719}
  m_Layer: 12
  m_Name: Base Human001LDigit33
  m_TagString: Untagged
  m_Icon: {fileID: 0}
  m_NavMeshLayer: 0
  m_StaticEditorFlags: 0
  m_IsActive: 1
--- !u!4 &7065783934823115719
Transform:
  m_ObjectHideFlags: 0
  m_CorrespondingSourceObject: {fileID: 0}
  m_PrefabInstance: {fileID: 0}
  m_PrefabAsset: {fileID: 0}
  m_GameObject: {fileID: 7062996709078076081}
  m_LocalRotation: {x: -0.0000006258496, y: 0.0000039031697, z: 0.00000019371738,
    w: 1}
  m_LocalPosition: {x: -0.026303044, y: 0, z: 0.0000002002716}
  m_LocalScale: {x: 1.000001, y: 1, z: 0.999999}
  m_Children: []
  m_Father: {fileID: 7065759973579144043}
  m_RootOrder: 0
  m_LocalEulerAnglesHint: {x: 0, y: 0, z: 0}
--- !u!1 &7062997482261651311
GameObject:
  m_ObjectHideFlags: 0
  m_CorrespondingSourceObject: {fileID: 0}
  m_PrefabInstance: {fileID: 0}
  m_PrefabAsset: {fileID: 0}
  serializedVersion: 6
  m_Component:
  - component: {fileID: 7066640240684789361}
  m_Layer: 12
  m_Name: Base Human001LToe
  m_TagString: Untagged
  m_Icon: {fileID: 0}
  m_NavMeshLayer: 0
  m_StaticEditorFlags: 0
  m_IsActive: 1
--- !u!4 &7066640240684789361
Transform:
  m_ObjectHideFlags: 0
  m_CorrespondingSourceObject: {fileID: 0}
  m_PrefabInstance: {fileID: 0}
  m_PrefabAsset: {fileID: 0}
  m_GameObject: {fileID: 7062997482261651311}
  m_LocalRotation: {x: -0.00002775371, y: -0.0005071722, z: -0.0026172386, w: 0.9999965}
  m_LocalPosition: {x: -0.1633237, y: -0.005148582, z: 0.00000026464463}
  m_LocalScale: {x: 1, y: 1, z: 1}
  m_Children: []
  m_Father: {fileID: 7066211091701016149}
  m_RootOrder: 0
  m_LocalEulerAnglesHint: {x: 0, y: 0, z: 0}
--- !u!1 &7063003788447529439
GameObject:
  m_ObjectHideFlags: 0
  m_CorrespondingSourceObject: {fileID: 0}
  m_PrefabInstance: {fileID: 0}
  m_PrefabAsset: {fileID: 0}
  serializedVersion: 6
  m_Component:
  - component: {fileID: 7065731378543498973}
  - component: {fileID: 7199334399230792733}
  m_Layer: 12
  m_Name: LFoot
  m_TagString: Untagged
  m_Icon: {fileID: 0}
  m_NavMeshLayer: 0
  m_StaticEditorFlags: 0
  m_IsActive: 1
--- !u!4 &7065731378543498973
Transform:
  m_ObjectHideFlags: 0
  m_CorrespondingSourceObject: {fileID: 0}
  m_PrefabInstance: {fileID: 0}
  m_PrefabAsset: {fileID: 0}
  m_GameObject: {fileID: 7063003788447529439}
  m_LocalRotation: {x: -0.7071068, y: 0, z: -0, w: 0.7071068}
  m_LocalPosition: {x: -0.086008646, y: 0.19023557, z: 0.0050746114}
  m_LocalScale: {x: 1, y: 1, z: 1}
  m_Children: []
  m_Father: {fileID: 7066294736548976231}
  m_RootOrder: 6
  m_LocalEulerAnglesHint: {x: 0, y: 0, z: 0}
--- !u!137 &7199334399230792733
SkinnedMeshRenderer:
  m_ObjectHideFlags: 0
  m_CorrespondingSourceObject: {fileID: 0}
  m_PrefabInstance: {fileID: 0}
  m_PrefabAsset: {fileID: 0}
  m_GameObject: {fileID: 7063003788447529439}
  m_Enabled: 1
  m_CastShadows: 1
  m_ReceiveShadows: 1
  m_DynamicOccludee: 1
  m_MotionVectors: 1
  m_LightProbeUsage: 1
  m_ReflectionProbeUsage: 1
  m_RenderingLayerMask: 1
  m_RendererPriority: 0
  m_Materials:
  - {fileID: 2100000, guid: eff790960f165e34faa5b7263095b2d9, type: 2}
  m_StaticBatchInfo:
    firstSubMesh: 0
    subMeshCount: 0
  m_StaticBatchRoot: {fileID: 0}
  m_ProbeAnchor: {fileID: 0}
  m_LightProbeVolumeOverride: {fileID: 0}
  m_ScaleInLightmap: 1
  m_PreserveUVs: 0
  m_IgnoreNormalsForChartDetection: 0
  m_ImportantGI: 0
  m_StitchLightmapSeams: 0
  m_SelectedEditorRenderState: 3
  m_MinimumChartSize: 4
  m_AutoUVMaxDistance: 0.5
  m_AutoUVMaxAngle: 89
  m_LightmapParameters: {fileID: 0}
  m_SortingLayerID: 0
  m_SortingLayer: 0
  m_SortingOrder: 0
  serializedVersion: 2
  m_Quality: 0
  m_UpdateWhenOffscreen: 0
  m_SkinnedMotionVectors: 1
  m_Mesh: {fileID: 4300008, guid: a123bc3d048b39640a6552bd9a5ebc6d, type: 3}
  m_Bones:
  - {fileID: 7066499248159085697}
  - {fileID: 7066211091701016149}
  - {fileID: 7066640240684789361}
  - {fileID: 7066081733119262175}
  - {fileID: 7065975671337471063}
  - {fileID: 7065820763313422063}
  - {fileID: 7066542044833712071}
  - {fileID: 7066370938377851179}
  - {fileID: 7066390268241334757}
  - {fileID: 7065827585754624189}
  - {fileID: 7066591394117586417}
  - {fileID: 7065886495515975719}
  - {fileID: 7066288504166417753}
  - {fileID: 7066016279582399779}
  - {fileID: 7066417674454524657}
  - {fileID: 7066392156647471705}
  - {fileID: 7066263950593374825}
  - {fileID: 7065858401182831215}
  - {fileID: 7066484940106136593}
  - {fileID: 7066090545985224359}
  m_BlendShapeWeights: []
  m_RootBone: {fileID: 7065820763313422063}
  m_AABB:
    m_Center: {x: 0.72715354, y: 0.017123453, z: 0.08772695}
    m_Extent: {x: 0.20349991, y: 0.17313397, z: 0.071707964}
  m_DirtyAABB: 0
--- !u!1 &7063025379799220963
GameObject:
  m_ObjectHideFlags: 0
  m_CorrespondingSourceObject: {fileID: 0}
  m_PrefabInstance: {fileID: 0}
  m_PrefabAsset: {fileID: 0}
  serializedVersion: 6
  m_Component:
  - component: {fileID: 7066542044833712071}
  m_Layer: 12
  m_Name: Base Human001LPlatform
  m_TagString: Untagged
  m_Icon: {fileID: 0}
  m_NavMeshLayer: 0
  m_StaticEditorFlags: 0
  m_IsActive: 1
--- !u!4 &7066542044833712071
Transform:
  m_ObjectHideFlags: 0
  m_CorrespondingSourceObject: {fileID: 0}
  m_PrefabInstance: {fileID: 0}
  m_PrefabAsset: {fileID: 0}
  m_GameObject: {fileID: 7063025379799220963}
  m_LocalRotation: {x: 0.51758516, y: -0.5175851, z: -0.4817734, w: 0.48177347}
  m_LocalPosition: {x: -0.08708618, y: -9.70038e-10, z: 0.0077663693}
  m_LocalScale: {x: 1, y: 1, z: 1}
  m_Children: []
  m_Father: {fileID: 7066294736548976231}
  m_RootOrder: 0
  m_LocalEulerAnglesHint: {x: 0, y: 0, z: 0}
--- !u!1 &7063040060325092767
GameObject:
  m_ObjectHideFlags: 0
  m_CorrespondingSourceObject: {fileID: 0}
  m_PrefabInstance: {fileID: 0}
  m_PrefabAsset: {fileID: 0}
  serializedVersion: 6
  m_Component:
  - component: {fileID: 7065888731957976041}
  m_Layer: 12
  m_Name: Base Human001RDigit11 1
  m_TagString: Untagged
  m_Icon: {fileID: 0}
  m_NavMeshLayer: 0
  m_StaticEditorFlags: 0
  m_IsActive: 1
--- !u!4 &7065888731957976041
Transform:
  m_ObjectHideFlags: 0
  m_CorrespondingSourceObject: {fileID: 0}
  m_PrefabInstance: {fileID: 0}
  m_PrefabAsset: {fileID: 0}
  m_GameObject: {fileID: 7063040060325092767}
  m_LocalRotation: {x: -0.305832, y: -0.34442934, z: 0.17991896, w: 0.8691746}
  m_LocalPosition: {x: -0.025042819, y: -0.008060646, z: -0.031326048}
  m_LocalScale: {x: 0.999994, y: 1.000001, z: 1.000006}
  m_Children:
  - {fileID: 7066261164600319379}
  m_Father: {fileID: 7066527640135201473}
  m_RootOrder: 0
  m_LocalEulerAnglesHint: {x: 0, y: 0, z: 0}
--- !u!1 &7063105838612109811
GameObject:
  m_ObjectHideFlags: 0
  m_CorrespondingSourceObject: {fileID: 0}
  m_PrefabInstance: {fileID: 0}
  m_PrefabAsset: {fileID: 0}
  serializedVersion: 6
  m_Component:
  - component: {fileID: 7065658437778191331}
  m_Layer: 12
  m_Name: Base Human001RDigit31
  m_TagString: Untagged
  m_Icon: {fileID: 0}
  m_NavMeshLayer: 0
  m_StaticEditorFlags: 0
  m_IsActive: 1
--- !u!4 &7065658437778191331
Transform:
  m_ObjectHideFlags: 0
  m_CorrespondingSourceObject: {fileID: 0}
  m_PrefabInstance: {fileID: 0}
  m_PrefabAsset: {fileID: 0}
  m_GameObject: {fileID: 7063105838612109811}
  m_LocalRotation: {x: 0.013115452, y: -0.041593894, z: 0.043578137, w: 0.99809766}
  m_LocalPosition: {x: -0.092740975, y: -0.0024754715, z: -0.0014489347}
  m_LocalScale: {x: 0.999999, y: 1, z: 1.000001}
  m_Children:
  - {fileID: 7065717986593955593}
  m_Father: {fileID: 7066527640135201473}
  m_RootOrder: 2
  m_LocalEulerAnglesHint: {x: 0, y: 0, z: 0}
--- !u!1 &7063122228233159361
GameObject:
  m_ObjectHideFlags: 0
  m_CorrespondingSourceObject: {fileID: 0}
  m_PrefabInstance: {fileID: 0}
  m_PrefabAsset: {fileID: 0}
  serializedVersion: 6
  m_Component:
  - component: {fileID: 7066081733119262175}
  m_Layer: 12
  m_Name: Base Human001LThigh
  m_TagString: Untagged
  m_Icon: {fileID: 0}
  m_NavMeshLayer: 0
  m_StaticEditorFlags: 0
  m_IsActive: 1
--- !u!4 &7066081733119262175
Transform:
  m_ObjectHideFlags: 0
  m_CorrespondingSourceObject: {fileID: 0}
  m_PrefabInstance: {fileID: 0}
  m_PrefabAsset: {fileID: 0}
  m_GameObject: {fileID: 7063122228233159361}
  m_LocalRotation: {x: 0.06547737, y: 0.9978323, z: -0.005117692, w: -0.0041583413}
  m_LocalPosition: {x: -0.016830998, y: 0.045891095, z: 0.08598911}
  m_LocalScale: {x: 1.000021, y: 1, z: 1}
  m_Children:
  - {fileID: 7066499248159085697}
  m_Father: {fileID: 7065820763313422063}
  m_RootOrder: 0
  m_LocalEulerAnglesHint: {x: 0, y: 0, z: 0}
--- !u!1 &7063133928732682475
GameObject:
  m_ObjectHideFlags: 0
  m_CorrespondingSourceObject: {fileID: 0}
  m_PrefabInstance: {fileID: 0}
  m_PrefabAsset: {fileID: 0}
  serializedVersion: 6
  m_Component:
  - component: {fileID: 7066090271842666719}
  - component: {fileID: 7198826493375551383}
  m_Layer: 12
  m_Name: RKnee
  m_TagString: Untagged
  m_Icon: {fileID: 0}
  m_NavMeshLayer: 0
  m_StaticEditorFlags: 0
  m_IsActive: 1
--- !u!4 &7066090271842666719
Transform:
  m_ObjectHideFlags: 0
  m_CorrespondingSourceObject: {fileID: 0}
  m_PrefabInstance: {fileID: 0}
  m_PrefabAsset: {fileID: 0}
  m_GameObject: {fileID: 7063133928732682475}
  m_LocalRotation: {x: -0.7071068, y: 0, z: -0, w: 0.7071068}
  m_LocalPosition: {x: 0.08989969, y: 0.5403445, z: -0.03694896}
  m_LocalScale: {x: 1, y: 1, z: 1}
  m_Children: []
  m_Father: {fileID: 7066294736548976231}
  m_RootOrder: 13
  m_LocalEulerAnglesHint: {x: 0, y: 0, z: 0}
--- !u!137 &7198826493375551383
SkinnedMeshRenderer:
  m_ObjectHideFlags: 0
  m_CorrespondingSourceObject: {fileID: 0}
  m_PrefabInstance: {fileID: 0}
  m_PrefabAsset: {fileID: 0}
  m_GameObject: {fileID: 7063133928732682475}
  m_Enabled: 1
  m_CastShadows: 1
  m_ReceiveShadows: 1
  m_DynamicOccludee: 1
  m_MotionVectors: 1
  m_LightProbeUsage: 1
  m_ReflectionProbeUsage: 1
  m_RenderingLayerMask: 1
  m_RendererPriority: 0
  m_Materials:
  - {fileID: 2100000, guid: eff790960f165e34faa5b7263095b2d9, type: 2}
  m_StaticBatchInfo:
    firstSubMesh: 0
    subMeshCount: 0
  m_StaticBatchRoot: {fileID: 0}
  m_ProbeAnchor: {fileID: 0}
  m_LightProbeVolumeOverride: {fileID: 0}
  m_ScaleInLightmap: 1
  m_PreserveUVs: 0
  m_IgnoreNormalsForChartDetection: 0
  m_ImportantGI: 0
  m_StitchLightmapSeams: 0
  m_SelectedEditorRenderState: 3
  m_MinimumChartSize: 4
  m_AutoUVMaxDistance: 0.5
  m_AutoUVMaxAngle: 89
  m_LightmapParameters: {fileID: 0}
  m_SortingLayerID: 0
  m_SortingLayer: 0
  m_SortingOrder: 0
  serializedVersion: 2
  m_Quality: 0
  m_UpdateWhenOffscreen: 0
  m_SkinnedMotionVectors: 1
  m_Mesh: {fileID: 4300010, guid: a123bc3d048b39640a6552bd9a5ebc6d, type: 3}
  m_Bones:
  - {fileID: 7066390268241334757}
  - {fileID: 7066370938377851179}
  - {fileID: 7066081733119262175}
  - {fileID: 7066499248159085697}
  - {fileID: 7066211091701016149}
  - {fileID: 7066640240684789361}
  - {fileID: 7065975671337471063}
  - {fileID: 7065820763313422063}
  - {fileID: 7066542044833712071}
  - {fileID: 7065827585754624189}
  - {fileID: 7066591394117586417}
  - {fileID: 7065886495515975719}
  - {fileID: 7066288504166417753}
  - {fileID: 7066016279582399779}
  - {fileID: 7066417674454524657}
  - {fileID: 7066392156647471705}
  - {fileID: 7066263950593374825}
  - {fileID: 7065858401182831215}
  - {fileID: 7066484940106136593}
  - {fileID: 7066090545985224359}
  m_BlendShapeWeights: []
  m_RootBone: {fileID: 7065820763313422063}
  m_AABB:
    m_Center: {x: 0.36945528, y: -0.003373593, z: -0.08878564}
    m_Extent: {x: 0.18525966, y: 0.10722543, z: 0.07716843}
  m_DirtyAABB: 0
--- !u!1 &7063135600545747743
GameObject:
  m_ObjectHideFlags: 0
  m_CorrespondingSourceObject: {fileID: 0}
  m_PrefabInstance: {fileID: 0}
  m_PrefabAsset: {fileID: 0}
  serializedVersion: 6
  m_Component:
  - component: {fileID: 7066294736548976231}
  - component: {fileID: 7156886399747195837}
  - component: {fileID: 7061685290516880729}
  - component: {fileID: 7061685290516880730}
  - component: {fileID: 7061685290516880731}
  - component: {fileID: 7061685290516880724}
  m_Layer: 12
  m_Name: Zombie Girl 3D
  m_TagString: Enemy
  m_Icon: {fileID: 0}
  m_NavMeshLayer: 0
  m_StaticEditorFlags: 0
  m_IsActive: 0
--- !u!4 &7066294736548976231
Transform:
  m_ObjectHideFlags: 0
  m_CorrespondingSourceObject: {fileID: 0}
  m_PrefabInstance: {fileID: 0}
  m_PrefabAsset: {fileID: 0}
  m_GameObject: {fileID: 7063135600545747743}
  m_LocalRotation: {x: 0, y: 0, z: 0, w: 1}
  m_LocalPosition: {x: 0, y: 0, z: 0}
  m_LocalScale: {x: 1, y: 1, z: 1}
  m_Children:
  - {fileID: 7066542044833712071}
  - {fileID: 7065820763313422063}
  - {fileID: 7065975671337471063}
  - {fileID: 7066264390683526007}
  - {fileID: 7066444350201716161}
  - {fileID: 7066199271536849507}
  - {fileID: 7065731378543498973}
  - {fileID: 7066410539596921061}
  - {fileID: 7066316424864629691}
  - {fileID: 7066313802474082969}
  - {fileID: 7066618972249952871}
  - {fileID: 7066018547839781555}
  - {fileID: 7066519696739509087}
  - {fileID: 7066090271842666719}
  m_Father: {fileID: 0}
  m_RootOrder: 0
  m_LocalEulerAnglesHint: {x: 0, y: 0, z: 0}
--- !u!95 &7156886399747195837
Animator:
  serializedVersion: 3
  m_ObjectHideFlags: 0
  m_CorrespondingSourceObject: {fileID: 0}
  m_PrefabInstance: {fileID: 0}
  m_PrefabAsset: {fileID: 0}
  m_GameObject: {fileID: 7063135600545747743}
  m_Enabled: 1
  m_Avatar: {fileID: 9000000, guid: a123bc3d048b39640a6552bd9a5ebc6d, type: 3}
  m_Controller: {fileID: 9100000, guid: e33b457d8e22bdd46b2eabde04ebaf44, type: 2}
  m_CullingMode: 1
  m_UpdateMode: 0
  m_ApplyRootMotion: 0
  m_LinearVelocityBlending: 0
  m_WarningMessage: 
  m_HasTransformHierarchy: 1
  m_AllowConstantClipSamplingOptimization: 1
  m_KeepAnimatorControllerStateOnDisable: 0
--- !u!135 &7061685290516880729
SphereCollider:
  m_ObjectHideFlags: 0
  m_CorrespondingSourceObject: {fileID: 0}
  m_PrefabInstance: {fileID: 0}
  m_PrefabAsset: {fileID: 0}
  m_GameObject: {fileID: 7063135600545747743}
  m_Material: {fileID: 0}
  m_IsTrigger: 0
  m_Enabled: 1
  serializedVersion: 2
  m_Radius: 0.09
  m_Center: {x: -0.01, y: 1.62, z: 0}
--- !u!143 &7061685290516880730
CharacterController:
  m_ObjectHideFlags: 0
  m_CorrespondingSourceObject: {fileID: 0}
  m_PrefabInstance: {fileID: 0}
  m_PrefabAsset: {fileID: 0}
  m_GameObject: {fileID: 7063135600545747743}
  m_Material: {fileID: 0}
  m_IsTrigger: 0
  m_Enabled: 1
  serializedVersion: 2
  m_Height: 1.65
  m_Radius: 0.25
  m_SlopeLimit: 45
  m_StepOffset: 0.3
  m_SkinWidth: 0.08
  m_MinMoveDistance: 0
  m_Center: {x: 0, y: 0.75, z: 0}
--- !u!195 &7061685290516880731
NavMeshAgent:
  m_ObjectHideFlags: 0
  m_CorrespondingSourceObject: {fileID: 0}
  m_PrefabInstance: {fileID: 0}
  m_PrefabAsset: {fileID: 0}
  m_GameObject: {fileID: 7063135600545747743}
  m_Enabled: 1
  m_AgentTypeID: 0
  m_Radius: 0.2
  m_Speed: 3.5
  m_Acceleration: 8
  avoidancePriority: 50
  m_AngularSpeed: 120
  m_StoppingDistance: 0
  m_AutoTraverseOffMeshLink: 1
  m_AutoBraking: 1
  m_AutoRepath: 1
  m_Height: 1.7
  m_BaseOffset: -0.09
  m_WalkableMask: 4294967295
  m_ObstacleAvoidanceType: 4
--- !u!114 &7061685290516880724
MonoBehaviour:
  m_ObjectHideFlags: 0
  m_CorrespondingSourceObject: {fileID: 0}
  m_PrefabInstance: {fileID: 0}
  m_PrefabAsset: {fileID: 0}
  m_GameObject: {fileID: 7063135600545747743}
  m_Enabled: 1
  m_EditorHideFlags: 0
  m_Script: {fileID: 11500000, guid: a92b2d23b48d2f149976cd99294fa207, type: 3}
  m_Name: 
  m_EditorClassIdentifier: 
  attackDistance: 2
  alertAttackDistance: 8
  followDistance: 200
  enemyCurrentState: 0
--- !u!1 &7063139002734326591
GameObject:
  m_ObjectHideFlags: 0
  m_CorrespondingSourceObject: {fileID: 0}
  m_PrefabInstance: {fileID: 0}
  m_PrefabAsset: {fileID: 0}
  serializedVersion: 6
  m_Component:
  - component: {fileID: 7066591394117586417}
  m_Layer: 12
  m_Name: Base Human001RDigit11
  m_TagString: Untagged
  m_Icon: {fileID: 0}
  m_NavMeshLayer: 0
  m_StaticEditorFlags: 0
  m_IsActive: 1
--- !u!4 &7066591394117586417
Transform:
  m_ObjectHideFlags: 0
  m_CorrespondingSourceObject: {fileID: 0}
  m_PrefabInstance: {fileID: 0}
  m_PrefabAsset: {fileID: 0}
  m_GameObject: {fileID: 7063139002734326591}
  m_LocalRotation: {x: 0.000027334496, y: 0.0006751127, z: -0.0026572244, w: 0.99999624}
  m_LocalPosition: {x: -0.1633237, y: -0.005148593, z: -0.00000024318695}
  m_LocalScale: {x: 1, y: 1, z: 1}
  m_Children: []
  m_Father: {fileID: 7065827585754624189}
  m_RootOrder: 0
  m_LocalEulerAnglesHint: {x: 0, y: 0, z: 0}
--- !u!1 &7063146688845315761
GameObject:
  m_ObjectHideFlags: 0
  m_CorrespondingSourceObject: {fileID: 0}
  m_PrefabInstance: {fileID: 0}
  m_PrefabAsset: {fileID: 0}
  serializedVersion: 6
  m_Component:
  - component: {fileID: 7066410539596921061}
  - component: {fileID: 7199285104551679543}
  m_Layer: 12
  m_Name: LHand
  m_TagString: Untagged
  m_Icon: {fileID: 0}
  m_NavMeshLayer: 0
  m_StaticEditorFlags: 0
  m_IsActive: 1
--- !u!4 &7066410539596921061
Transform:
  m_ObjectHideFlags: 0
  m_CorrespondingSourceObject: {fileID: 0}
  m_PrefabInstance: {fileID: 0}
  m_PrefabAsset: {fileID: 0}
  m_GameObject: {fileID: 7063146688845315761}
  m_LocalRotation: {x: -0.7071068, y: 0, z: -0, w: 0.7071068}
  m_LocalPosition: {x: -0.7124109, y: 1.3975571, z: -0.045409378}
  m_LocalScale: {x: 1, y: 1, z: 1}
  m_Children: []
  m_Father: {fileID: 7066294736548976231}
  m_RootOrder: 7
  m_LocalEulerAnglesHint: {x: 0, y: 0, z: 0}
--- !u!137 &7199285104551679543
SkinnedMeshRenderer:
  m_ObjectHideFlags: 0
  m_CorrespondingSourceObject: {fileID: 0}
  m_PrefabInstance: {fileID: 0}
  m_PrefabAsset: {fileID: 0}
  m_GameObject: {fileID: 7063146688845315761}
  m_Enabled: 1
  m_CastShadows: 1
  m_ReceiveShadows: 1
  m_DynamicOccludee: 1
  m_MotionVectors: 1
  m_LightProbeUsage: 1
  m_ReflectionProbeUsage: 1
  m_RenderingLayerMask: 1
  m_RendererPriority: 0
  m_Materials:
  - {fileID: 2100000, guid: eff790960f165e34faa5b7263095b2d9, type: 2}
  m_StaticBatchInfo:
    firstSubMesh: 0
    subMeshCount: 0
  m_StaticBatchRoot: {fileID: 0}
  m_ProbeAnchor: {fileID: 0}
  m_LightProbeVolumeOverride: {fileID: 0}
  m_ScaleInLightmap: 1
  m_PreserveUVs: 0
  m_IgnoreNormalsForChartDetection: 0
  m_ImportantGI: 0
  m_StitchLightmapSeams: 0
  m_SelectedEditorRenderState: 3
  m_MinimumChartSize: 4
  m_AutoUVMaxDistance: 0.5
  m_AutoUVMaxAngle: 89
  m_LightmapParameters: {fileID: 0}
  m_SortingLayerID: 0
  m_SortingLayer: 0
  m_SortingOrder: 0
  serializedVersion: 2
  m_Quality: 0
  m_UpdateWhenOffscreen: 0
  m_SkinnedMotionVectors: 1
  m_Mesh: {fileID: 4300016, guid: a123bc3d048b39640a6552bd9a5ebc6d, type: 3}
  m_Bones:
  - {fileID: 7065858401182831215}
  - {fileID: 7066484940106136593}
  - {fileID: 7066090545985224359}
  - {fileID: 7065870647428096091}
  - {fileID: 7065904097455166377}
  - {fileID: 7066243178065974197}
  - {fileID: 7065944263474253357}
  - {fileID: 7066233059858726531}
  - {fileID: 7066568855788037029}
  - {fileID: 7066131653620417335}
  - {fileID: 7065783934823115719}
  - {fileID: 7065844709323390529}
  - {fileID: 7066288504166417753}
  - {fileID: 7066016279582399779}
  - {fileID: 7066417674454524657}
  - {fileID: 7066392156647471705}
  - {fileID: 7066591394117586417}
  - {fileID: 7065827585754624189}
  - {fileID: 7066390268241334757}
  - {fileID: 7066370938377851179}
  - {fileID: 7065886495515975719}
  - {fileID: 7066640240684789361}
  - {fileID: 7066211091701016149}
  - {fileID: 7066499248159085697}
  m_BlendShapeWeights: []
  m_RootBone: {fileID: 7065886495515975719}
  m_AABB:
    m_Center: {x: -0.43103296, y: -0.08856069, z: 0.7106019}
    m_Extent: {x: 0.071006656, y: 0.086694516, z: 0.17905971}
  m_DirtyAABB: 0
--- !u!1 &7063159203402850005
GameObject:
  m_ObjectHideFlags: 0
  m_CorrespondingSourceObject: {fileID: 0}
  m_PrefabInstance: {fileID: 0}
  m_PrefabAsset: {fileID: 0}
  serializedVersion: 6
  m_Component:
  - component: {fileID: 7066239931973204051}
  m_Layer: 12
  m_Name: Base Human001RUpperarm
  m_TagString: Untagged
  m_Icon: {fileID: 0}
  m_NavMeshLayer: 0
  m_StaticEditorFlags: 0
  m_IsActive: 1
--- !u!4 &7066239931973204051
Transform:
  m_ObjectHideFlags: 0
  m_CorrespondingSourceObject: {fileID: 0}
  m_PrefabInstance: {fileID: 0}
  m_PrefabAsset: {fileID: 0}
  m_GameObject: {fileID: 7063159203402850005}
  m_LocalRotation: {x: -0.015033427, y: -0.201799, z: -0.28855485, w: 0.93583506}
  m_LocalPosition: {x: -0.15892747, y: -0.000000057220458, z: 0.000000114440915}
  m_LocalScale: {x: 1, y: 1, z: 1}
  m_Children:
  - {fileID: 7065982785994915413}
  m_Father: {fileID: 7066237327391394591}
  m_RootOrder: 0
  m_LocalEulerAnglesHint: {x: 0, y: 0, z: 0}
--- !u!1 &7063180969651143853
GameObject:
  m_ObjectHideFlags: 0
  m_CorrespondingSourceObject: {fileID: 0}
  m_PrefabInstance: {fileID: 0}
  m_PrefabAsset: {fileID: 0}
  serializedVersion: 6
  m_Component:
  - component: {fileID: 7065813806329377883}
  m_Layer: 12
  m_Name: Base Human001LDigit52
  m_TagString: Untagged
  m_Icon: {fileID: 0}
  m_NavMeshLayer: 0
  m_StaticEditorFlags: 0
  m_IsActive: 1
--- !u!4 &7065813806329377883
Transform:
  m_ObjectHideFlags: 0
  m_CorrespondingSourceObject: {fileID: 0}
  m_PrefabInstance: {fileID: 0}
  m_PrefabAsset: {fileID: 0}
  m_GameObject: {fileID: 7063180969651143853}
  m_LocalRotation: {x: 0.013673747, y: 0.0000038497965, z: 0.0000006328729, w: 0.99990654}
  m_LocalPosition: {x: -0.026911039, y: -0.000000114440915, z: 0.0000002002716}
  m_LocalScale: {x: 0.999998, y: 1, z: 1.000002}
  m_Children:
  - {fileID: 7066364599460629981}
  m_Father: {fileID: 7065904097455166377}
  m_RootOrder: 0
  m_LocalEulerAnglesHint: {x: 0, y: 0, z: 0}
--- !u!1 &7063214965785472899
GameObject:
  m_ObjectHideFlags: 0
  m_CorrespondingSourceObject: {fileID: 0}
  m_PrefabInstance: {fileID: 0}
  m_PrefabAsset: {fileID: 0}
  serializedVersion: 6
  m_Component:
  - component: {fileID: 7066618972249952871}
  - component: {fileID: 7199440619432873329}
  m_Layer: 12
  m_Name: RElbow
  m_TagString: Untagged
  m_Icon: {fileID: 0}
  m_NavMeshLayer: 0
  m_StaticEditorFlags: 0
  m_IsActive: 1
--- !u!4 &7066618972249952871
Transform:
  m_ObjectHideFlags: 0
  m_CorrespondingSourceObject: {fileID: 0}
  m_PrefabInstance: {fileID: 0}
  m_PrefabAsset: {fileID: 0}
  m_GameObject: {fileID: 7063214965785472899}
  m_LocalRotation: {x: -0.7071068, y: 0, z: -0, w: 0.7071068}
  m_LocalPosition: {x: 0.41673207, y: 1.4141806, z: -0.074313395}
  m_LocalScale: {x: 1, y: 1, z: 1}
  m_Children: []
  m_Father: {fileID: 7066294736548976231}
  m_RootOrder: 10
  m_LocalEulerAnglesHint: {x: 0, y: 0, z: 0}
--- !u!137 &7199440619432873329
SkinnedMeshRenderer:
  m_ObjectHideFlags: 0
  m_CorrespondingSourceObject: {fileID: 0}
  m_PrefabInstance: {fileID: 0}
  m_PrefabAsset: {fileID: 0}
  m_GameObject: {fileID: 7063214965785472899}
  m_Enabled: 1
  m_CastShadows: 1
  m_ReceiveShadows: 1
  m_DynamicOccludee: 1
  m_MotionVectors: 1
  m_LightProbeUsage: 1
  m_ReflectionProbeUsage: 1
  m_RenderingLayerMask: 1
  m_RendererPriority: 0
  m_Materials:
  - {fileID: 2100000, guid: eff790960f165e34faa5b7263095b2d9, type: 2}
  m_StaticBatchInfo:
    firstSubMesh: 0
    subMeshCount: 0
  m_StaticBatchRoot: {fileID: 0}
  m_ProbeAnchor: {fileID: 0}
  m_LightProbeVolumeOverride: {fileID: 0}
  m_ScaleInLightmap: 1
  m_PreserveUVs: 0
  m_IgnoreNormalsForChartDetection: 0
  m_ImportantGI: 0
  m_StitchLightmapSeams: 0
  m_SelectedEditorRenderState: 3
  m_MinimumChartSize: 4
  m_AutoUVMaxDistance: 0.5
  m_AutoUVMaxAngle: 89
  m_LightmapParameters: {fileID: 0}
  m_SortingLayerID: 0
  m_SortingLayer: 0
  m_SortingOrder: 0
  serializedVersion: 2
  m_Quality: 0
  m_UpdateWhenOffscreen: 0
  m_SkinnedMotionVectors: 1
  m_Mesh: {fileID: 4300018, guid: a123bc3d048b39640a6552bd9a5ebc6d, type: 3}
  m_Bones:
  - {fileID: 7066239931973204051}
  - {fileID: 7065982785994915413}
  - {fileID: 7065975671337471063}
  - {fileID: 7066081733119262175}
  - {fileID: 7066499248159085697}
  - {fileID: 7066211091701016149}
  - {fileID: 7066640240684789361}
  - {fileID: 7066370938377851179}
  - {fileID: 7066390268241334757}
  - {fileID: 7065827585754624189}
  - {fileID: 7066591394117586417}
  - {fileID: 7065886495515975719}
  - {fileID: 7066288504166417753}
  - {fileID: 7066016279582399779}
  - {fileID: 7066417674454524657}
  - {fileID: 7066392156647471705}
  - {fileID: 7066263950593374825}
  - {fileID: 7065858401182831215}
  - {fileID: 7066484940106136593}
  - {fileID: 7065820763313422063}
  m_BlendShapeWeights: []
  m_RootBone: {fileID: 7065820763313422063}
  m_AABB:
    m_Center: {x: -0.50076514, y: -0.03884636, z: -0.4136352}
    m_Extent: {x: 0.066948, y: 0.058856532, z: 0.13736646}
  m_DirtyAABB: 0
--- !u!1 &7063214988643655857
GameObject:
  m_ObjectHideFlags: 0
  m_CorrespondingSourceObject: {fileID: 0}
  m_PrefabInstance: {fileID: 0}
  m_PrefabAsset: {fileID: 0}
  serializedVersion: 6
  m_Component:
  - component: {fileID: 7066199271536849507}
  - component: {fileID: 7199141463923583323}
  m_Layer: 12
  m_Name: LElbow
  m_TagString: Untagged
  m_Icon: {fileID: 0}
  m_NavMeshLayer: 0
  m_StaticEditorFlags: 0
  m_IsActive: 1
--- !u!4 &7066199271536849507
Transform:
  m_ObjectHideFlags: 0
  m_CorrespondingSourceObject: {fileID: 0}
  m_PrefabInstance: {fileID: 0}
  m_PrefabAsset: {fileID: 0}
  m_GameObject: {fileID: 7063214988643655857}
  m_LocalRotation: {x: -0.7071068, y: 0, z: -0, w: 0.7071068}
  m_LocalPosition: {x: -0.4167348, y: 1.4142153, z: -0.07442413}
  m_LocalScale: {x: 1, y: 1, z: 1}
  m_Children: []
  m_Father: {fileID: 7066294736548976231}
  m_RootOrder: 5
  m_LocalEulerAnglesHint: {x: 0, y: 0, z: 0}
--- !u!137 &7199141463923583323
SkinnedMeshRenderer:
  m_ObjectHideFlags: 0
  m_CorrespondingSourceObject: {fileID: 0}
  m_PrefabInstance: {fileID: 0}
  m_PrefabAsset: {fileID: 0}
  m_GameObject: {fileID: 7063214988643655857}
  m_Enabled: 1
  m_CastShadows: 1
  m_ReceiveShadows: 1
  m_DynamicOccludee: 1
  m_MotionVectors: 1
  m_LightProbeUsage: 1
  m_ReflectionProbeUsage: 1
  m_RenderingLayerMask: 1
  m_RendererPriority: 0
  m_Materials:
  - {fileID: 2100000, guid: eff790960f165e34faa5b7263095b2d9, type: 2}
  m_StaticBatchInfo:
    firstSubMesh: 0
    subMeshCount: 0
  m_StaticBatchRoot: {fileID: 0}
  m_ProbeAnchor: {fileID: 0}
  m_LightProbeVolumeOverride: {fileID: 0}
  m_ScaleInLightmap: 1
  m_PreserveUVs: 0
  m_IgnoreNormalsForChartDetection: 0
  m_ImportantGI: 0
  m_StitchLightmapSeams: 0
  m_SelectedEditorRenderState: 3
  m_MinimumChartSize: 4
  m_AutoUVMaxDistance: 0.5
  m_AutoUVMaxAngle: 89
  m_LightmapParameters: {fileID: 0}
  m_SortingLayerID: 0
  m_SortingLayer: 0
  m_SortingOrder: 0
  serializedVersion: 2
  m_Quality: 0
  m_UpdateWhenOffscreen: 0
  m_SkinnedMotionVectors: 1
  m_Mesh: {fileID: 4300014, guid: a123bc3d048b39640a6552bd9a5ebc6d, type: 3}
  m_Bones:
  - {fileID: 7066263950593374825}
  - {fileID: 7065858401182831215}
  - {fileID: 7065975671337471063}
  - {fileID: 7066081733119262175}
  - {fileID: 7066499248159085697}
  - {fileID: 7066211091701016149}
  - {fileID: 7066640240684789361}
  - {fileID: 7066370938377851179}
  - {fileID: 7065820763313422063}
  - {fileID: 7065827585754624189}
  - {fileID: 7066591394117586417}
  - {fileID: 7065886495515975719}
  - {fileID: 7066288504166417753}
  - {fileID: 7066016279582399779}
  - {fileID: 7066417674454524657}
  - {fileID: 7066392156647471705}
  - {fileID: 7066390268241334757}
  - {fileID: 7066542044833712071}
  - {fileID: 7066484940106136593}
  - {fileID: 7066090545985224359}
  m_BlendShapeWeights: []
  m_RootBone: {fileID: 7065820763313422063}
  m_AABB:
    m_Center: {x: -0.5010718, y: -0.03909061, z: 0.41464904}
    m_Extent: {x: 0.06647676, y: 0.058998875, z: 0.1364387}
  m_DirtyAABB: 0
--- !u!1 &7063232524959343143
GameObject:
  m_ObjectHideFlags: 0
  m_CorrespondingSourceObject: {fileID: 0}
  m_PrefabInstance: {fileID: 0}
  m_PrefabAsset: {fileID: 0}
  serializedVersion: 6
  m_Component:
  - component: {fileID: 7066499248159085697}
  m_Layer: 12
  m_Name: Base Human001LCalf
  m_TagString: Untagged
  m_Icon: {fileID: 0}
  m_NavMeshLayer: 0
  m_StaticEditorFlags: 0
  m_IsActive: 1
--- !u!4 &7066499248159085697
Transform:
  m_ObjectHideFlags: 0
  m_CorrespondingSourceObject: {fileID: 0}
  m_PrefabInstance: {fileID: 0}
  m_PrefabAsset: {fileID: 0}
  m_GameObject: {fileID: 7063232524959343143}
  m_LocalRotation: {x: 0.000025541218, y: 0.00006357838, z: -0.00009957863, w: 1}
  m_LocalPosition: {x: -0.4453622, y: 0.0000006508827, z: -0.00000022172928}
  m_LocalScale: {x: 1, y: 1, z: 1}
  m_Children:
  - {fileID: 7066211091701016149}
  m_Father: {fileID: 7066081733119262175}
  m_RootOrder: 0
  m_LocalEulerAnglesHint: {x: 0, y: 0, z: 0}
--- !u!1 &7063264551820298411
GameObject:
  m_ObjectHideFlags: 0
  m_CorrespondingSourceObject: {fileID: 0}
  m_PrefabInstance: {fileID: 0}
  m_PrefabAsset: {fileID: 0}
  serializedVersion: 6
  m_Component:
  - component: {fileID: 7065784384590621885}
  m_Layer: 12
  m_Name: Base Human001RDigit33
  m_TagString: Untagged
  m_Icon: {fileID: 0}
  m_NavMeshLayer: 0
  m_StaticEditorFlags: 0
  m_IsActive: 1
--- !u!4 &7065784384590621885
Transform:
  m_ObjectHideFlags: 0
  m_CorrespondingSourceObject: {fileID: 0}
  m_PrefabInstance: {fileID: 0}
  m_PrefabAsset: {fileID: 0}
  m_GameObject: {fileID: 7063264551820298411}
  m_LocalRotation: {x: -0.0000006388865, y: 0.0000038864123, z: -0.0000002235151,
    w: 1}
  m_LocalPosition: {x: -0.026302986, y: 0, z: 0.0000002002716}
  m_LocalScale: {x: 0.999999, y: 1, z: 1.000001}
  m_Children: []
  m_Father: {fileID: 7065717986593955593}
  m_RootOrder: 0
  m_LocalEulerAnglesHint: {x: 0, y: 0, z: 0}
--- !u!1 &7063303970224531275
GameObject:
  m_ObjectHideFlags: 0
  m_CorrespondingSourceObject: {fileID: 0}
  m_PrefabInstance: {fileID: 0}
  m_PrefabAsset: {fileID: 0}
  serializedVersion: 6
  m_Component:
  - component: {fileID: 7066370938377851179}
  m_Layer: 12
  m_Name: Base Human001RThigh
  m_TagString: Untagged
  m_Icon: {fileID: 0}
  m_NavMeshLayer: 0
  m_StaticEditorFlags: 0
  m_IsActive: 1
--- !u!4 &7066370938377851179
Transform:
  m_ObjectHideFlags: 0
  m_CorrespondingSourceObject: {fileID: 0}
  m_PrefabInstance: {fileID: 0}
  m_PrefabAsset: {fileID: 0}
  m_GameObject: {fileID: 7063303970224531275}
  m_LocalRotation: {x: 0.065472126, y: 0.9978326, z: 0.005118777, w: 0.004159378}
  m_LocalPosition: {x: -0.016830998, y: 0.0458911, z: -0.08598911}
  m_LocalScale: {x: 1.000021, y: 1, z: 1}
  m_Children:
  - {fileID: 7066390268241334757}
  m_Father: {fileID: 7065820763313422063}
  m_RootOrder: 1
  m_LocalEulerAnglesHint: {x: 0, y: 0, z: 0}
--- !u!1 &7063313656629061217
GameObject:
  m_ObjectHideFlags: 0
  m_CorrespondingSourceObject: {fileID: 0}
  m_PrefabInstance: {fileID: 0}
  m_PrefabAsset: {fileID: 0}
  serializedVersion: 6
  m_Component:
  - component: {fileID: 7066016279582399779}
  m_Layer: 12
  m_Name: Base Human001Spine3
  m_TagString: Untagged
  m_Icon: {fileID: 0}
  m_NavMeshLayer: 0
  m_StaticEditorFlags: 0
  m_IsActive: 1
--- !u!4 &7066016279582399779
Transform:
  m_ObjectHideFlags: 0
  m_CorrespondingSourceObject: {fileID: 0}
  m_PrefabInstance: {fileID: 0}
  m_PrefabAsset: {fileID: 0}
  m_GameObject: {fileID: 7063313656629061217}
  m_LocalRotation: {x: -0.0000000012761512, y: 0.000000016381145, z: 0.055502884,
    w: 0.99845856}
  m_LocalPosition: {x: -0.14872925, y: 0, z: -3.410605e-15}
  m_LocalScale: {x: 1, y: 1, z: 1}
  m_Children:
  - {fileID: 7066417674454524657}
  m_Father: {fileID: 7066288504166417753}
  m_RootOrder: 0
  m_LocalEulerAnglesHint: {x: 0, y: 0, z: 0}
--- !u!1 &7063317483311082503
GameObject:
  m_ObjectHideFlags: 0
  m_CorrespondingSourceObject: {fileID: 0}
  m_PrefabInstance: {fileID: 0}
  m_PrefabAsset: {fileID: 0}
  serializedVersion: 6
  m_Component:
  - component: {fileID: 7066237327391394591}
  m_Layer: 12
  m_Name: Base Human001RCollarbone
  m_TagString: Untagged
  m_Icon: {fileID: 0}
  m_NavMeshLayer: 0
  m_StaticEditorFlags: 0
  m_IsActive: 1
--- !u!4 &7066237327391394591
Transform:
  m_ObjectHideFlags: 0
  m_CorrespondingSourceObject: {fileID: 0}
  m_PrefabInstance: {fileID: 0}
  m_PrefabAsset: {fileID: 0}
  m_GameObject: {fileID: 7063317483311082503}
  m_LocalRotation: {x: -0.19978157, y: -0.56440496, z: 0.24927048, w: 0.76118237}
  m_LocalPosition: {x: 0.02657341, y: 0.086815104, z: -0.015056415}
  m_LocalScale: {x: 1, y: 1, z: 1}
  m_Children:
  - {fileID: 7066239931973204051}
  m_Father: {fileID: 7066417674454524657}
  m_RootOrder: 2
  m_LocalEulerAnglesHint: {x: 0, y: 0, z: 0}
--- !u!1 &7063333034010541443
GameObject:
  m_ObjectHideFlags: 0
  m_CorrespondingSourceObject: {fileID: 0}
  m_PrefabInstance: {fileID: 0}
  m_PrefabAsset: {fileID: 0}
  serializedVersion: 6
  m_Component:
  - component: {fileID: 7065759973579144043}
  m_Layer: 12
  m_Name: Base Human001LDigit32
  m_TagString: Untagged
  m_Icon: {fileID: 0}
  m_NavMeshLayer: 0
  m_StaticEditorFlags: 0
  m_IsActive: 1
--- !u!4 &7065759973579144043
Transform:
  m_ObjectHideFlags: 0
  m_CorrespondingSourceObject: {fileID: 0}
  m_PrefabInstance: {fileID: 0}
  m_PrefabAsset: {fileID: 0}
  m_GameObject: {fileID: 7063333034010541443}
  m_LocalRotation: {x: -0.0000006295749, y: 0.0000039008414, z: 0.00000019371738,
    w: 1}
  m_LocalPosition: {x: -0.035682905, y: 0, z: 0.00000027179718}
  m_LocalScale: {x: 1.000001, y: 1, z: 0.999999}
  m_Children:
  - {fileID: 7065783934823115719}
  m_Father: {fileID: 7065944263474253357}
  m_RootOrder: 0
  m_LocalEulerAnglesHint: {x: 0, y: 0, z: 0}
--- !u!1 &7063352411522804333
GameObject:
  m_ObjectHideFlags: 0
  m_CorrespondingSourceObject: {fileID: 0}
  m_PrefabInstance: {fileID: 0}
  m_PrefabAsset: {fileID: 0}
  serializedVersion: 6
  m_Component:
  - component: {fileID: 7066364599460629981}
  m_Layer: 12
  m_Name: Base Human001LDigit53
  m_TagString: Untagged
  m_Icon: {fileID: 0}
  m_NavMeshLayer: 0
  m_StaticEditorFlags: 0
  m_IsActive: 1
--- !u!4 &7066364599460629981
Transform:
  m_ObjectHideFlags: 0
  m_CorrespondingSourceObject: {fileID: 0}
  m_PrefabInstance: {fileID: 0}
  m_PrefabAsset: {fileID: 0}
  m_GameObject: {fileID: 7063352411522804333}
  m_LocalRotation: {x: 0.013673767, y: 0.000003866995, z: 0.0000005283196, w: 0.99990654}
  m_LocalPosition: {x: -0.023020048, y: -0.00000022888183, z: 0.0000002002716}
  m_LocalScale: {x: 0.999998, y: 1, z: 1.000002}
  m_Children: []
  m_Father: {fileID: 7065813806329377883}
  m_RootOrder: 0
  m_LocalEulerAnglesHint: {x: 0, y: 0, z: 0}
--- !u!1 &7063361097197223385
GameObject:
  m_ObjectHideFlags: 0
  m_CorrespondingSourceObject: {fileID: 0}
  m_PrefabInstance: {fileID: 0}
  m_PrefabAsset: {fileID: 0}
  serializedVersion: 6
  m_Component:
  - component: {fileID: 7066484641817052585}
  m_Layer: 12
  m_Name: Base Human001Head
  m_TagString: Untagged
  m_Icon: {fileID: 0}
  m_NavMeshLayer: 0
  m_StaticEditorFlags: 0
  m_IsActive: 1
--- !u!4 &7066484641817052585
Transform:
  m_ObjectHideFlags: 0
  m_CorrespondingSourceObject: {fileID: 0}
  m_PrefabInstance: {fileID: 0}
  m_PrefabAsset: {fileID: 0}
  m_GameObject: {fileID: 7063361097197223385}
  m_LocalRotation: {x: -1.4958454e-14, y: 0.00000001703688, z: 0.11283035, w: 0.99361426}
  m_LocalPosition: {x: -0.14312106, y: -0.000000028610229, z: 3.410605e-15}
  m_LocalScale: {x: 1, y: 1, z: 1}
  m_Children: []
  m_Father: {fileID: 7066027393637159125}
  m_RootOrder: 0
  m_LocalEulerAnglesHint: {x: 0, y: 0, z: 0}
--- !u!1 &7063381125341525695
GameObject:
  m_ObjectHideFlags: 0
  m_CorrespondingSourceObject: {fileID: 0}
  m_PrefabInstance: {fileID: 0}
  m_PrefabAsset: {fileID: 0}
  serializedVersion: 6
  m_Component:
  - component: {fileID: 7066547198174730677}
  m_Layer: 12
  m_Name: Base Human001RDigit21
  m_TagString: Untagged
  m_Icon: {fileID: 0}
  m_NavMeshLayer: 0
  m_StaticEditorFlags: 0
  m_IsActive: 1
--- !u!4 &7066547198174730677
Transform:
  m_ObjectHideFlags: 0
  m_CorrespondingSourceObject: {fileID: 0}
  m_PrefabInstance: {fileID: 0}
  m_PrefabAsset: {fileID: 0}
  m_GameObject: {fileID: 7063381125341525695}
  m_LocalRotation: {x: 0.028175665, y: -0.071373664, z: 0.061573982, w: 0.99514854}
  m_LocalPosition: {x: -0.09162569, y: -0.0045438767, z: -0.026684655}
  m_LocalScale: {x: 0.999998, y: 1, z: 1.000002}
  m_Children:
  - {fileID: 7066013460740420499}
  m_Father: {fileID: 7066527640135201473}
  m_RootOrder: 1
  m_LocalEulerAnglesHint: {x: 0, y: 0, z: 0}
--- !u!1 &7063388975856564911
GameObject:
  m_ObjectHideFlags: 0
  m_CorrespondingSourceObject: {fileID: 0}
  m_PrefabInstance: {fileID: 0}
  m_PrefabAsset: {fileID: 0}
  serializedVersion: 6
  m_Component:
  - component: {fileID: 7066568855788037029}
  m_Layer: 12
  m_Name: Base Human001LDigit21
  m_TagString: Untagged
  m_Icon: {fileID: 0}
  m_NavMeshLayer: 0
  m_StaticEditorFlags: 0
  m_IsActive: 1
--- !u!4 &7066568855788037029
Transform:
  m_ObjectHideFlags: 0
  m_CorrespondingSourceObject: {fileID: 0}
  m_PrefabInstance: {fileID: 0}
  m_PrefabAsset: {fileID: 0}
  m_GameObject: {fileID: 7063388975856564911}
  m_LocalRotation: {x: -0.028177045, y: 0.07138124, z: 0.061574485, w: 0.99514794}
  m_LocalPosition: {x: -0.09162603, y: -0.0045438767, z: 0.0266861}
  m_LocalScale: {x: 1.000002, y: 1, z: 0.999998}
  m_Children:
  - {fileID: 7066131653620417335}
  m_Father: {fileID: 7066484940106136593}
  m_RootOrder: 1
  m_LocalEulerAnglesHint: {x: 0, y: 0, z: 0}
--- !u!1 &7063391134969948031
GameObject:
  m_ObjectHideFlags: 0
  m_CorrespondingSourceObject: {fileID: 0}
  m_PrefabInstance: {fileID: 0}
  m_PrefabAsset: {fileID: 0}
  serializedVersion: 6
  m_Component:
  - component: {fileID: 7066444350201716161}
  - component: {fileID: 7199044200334294229}
  m_Layer: 12
  m_Name: Head
  m_TagString: Untagged
  m_Icon: {fileID: 0}
  m_NavMeshLayer: 0
  m_StaticEditorFlags: 0
  m_IsActive: 1
--- !u!4 &7066444350201716161
Transform:
  m_ObjectHideFlags: 0
  m_CorrespondingSourceObject: {fileID: 0}
  m_PrefabInstance: {fileID: 0}
  m_PrefabAsset: {fileID: 0}
  m_GameObject: {fileID: 7063391134969948031}
  m_LocalRotation: {x: -0.7071068, y: 0, z: -0, w: 0.7071068}
  m_LocalPosition: {x: 0.0012191482, y: 1.6503972, z: -0.005900301}
  m_LocalScale: {x: 1, y: 1, z: 1}
  m_Children: []
  m_Father: {fileID: 7066294736548976231}
  m_RootOrder: 4
  m_LocalEulerAnglesHint: {x: 0, y: 0, z: 0}
--- !u!137 &7199044200334294229
SkinnedMeshRenderer:
  m_ObjectHideFlags: 0
  m_CorrespondingSourceObject: {fileID: 0}
  m_PrefabInstance: {fileID: 0}
  m_PrefabAsset: {fileID: 0}
  m_GameObject: {fileID: 7063391134969948031}
  m_Enabled: 1
  m_CastShadows: 1
  m_ReceiveShadows: 1
  m_DynamicOccludee: 1
  m_MotionVectors: 1
  m_LightProbeUsage: 1
  m_ReflectionProbeUsage: 1
  m_RenderingLayerMask: 1
  m_RendererPriority: 0
  m_Materials:
  - {fileID: 2100000, guid: eff790960f165e34faa5b7263095b2d9, type: 2}
  m_StaticBatchInfo:
    firstSubMesh: 0
    subMeshCount: 0
  m_StaticBatchRoot: {fileID: 0}
  m_ProbeAnchor: {fileID: 0}
  m_LightProbeVolumeOverride: {fileID: 0}
  m_ScaleInLightmap: 1
  m_PreserveUVs: 0
  m_IgnoreNormalsForChartDetection: 0
  m_ImportantGI: 0
  m_StitchLightmapSeams: 0
  m_SelectedEditorRenderState: 3
  m_MinimumChartSize: 4
  m_AutoUVMaxDistance: 0.5
  m_AutoUVMaxAngle: 89
  m_LightmapParameters: {fileID: 0}
  m_SortingLayerID: 0
  m_SortingLayer: 0
  m_SortingOrder: 0
  serializedVersion: 2
  m_Quality: 0
  m_UpdateWhenOffscreen: 0
  m_SkinnedMotionVectors: 1
  m_Mesh: {fileID: 4300004, guid: a123bc3d048b39640a6552bd9a5ebc6d, type: 3}
  m_Bones:
  - {fileID: 7066484641817052585}
  - {fileID: 7066027393637159125}
  - {fileID: 7065975671337471063}
  - {fileID: 7066081733119262175}
  - {fileID: 7066499248159085697}
  - {fileID: 7066211091701016149}
  - {fileID: 7066640240684789361}
  - {fileID: 7066370938377851179}
  - {fileID: 7066390268241334757}
  - {fileID: 7065827585754624189}
  - {fileID: 7066591394117586417}
  - {fileID: 7065886495515975719}
  - {fileID: 7066288504166417753}
  - {fileID: 7066016279582399779}
  - {fileID: 7066417674454524657}
  - {fileID: 7066392156647471705}
  - {fileID: 7066263950593374825}
  - {fileID: 7065820763313422063}
  - {fileID: 7066484940106136593}
  - {fileID: 7066090545985224359}
  m_BlendShapeWeights: []
  m_RootBone: {fileID: 7065820763313422063}
  m_AABB:
    m_Center: {x: -0.73535454, y: 0.03239088, z: -0.0012191758}
    m_Extent: {x: 0.13943806, y: 0.13311313, z: 0.098571256}
  m_DirtyAABB: 0
--- !u!1 &7063391214344446071
GameObject:
  m_ObjectHideFlags: 0
  m_CorrespondingSourceObject: {fileID: 0}
  m_PrefabInstance: {fileID: 0}
  m_PrefabAsset: {fileID: 0}
  serializedVersion: 6
  m_Component:
  - component: {fileID: 7066233059858726531}
  m_Layer: 12
  m_Name: Base Human001LDigit13
  m_TagString: Untagged
  m_Icon: {fileID: 0}
  m_NavMeshLayer: 0
  m_StaticEditorFlags: 0
  m_IsActive: 1
--- !u!4 &7066233059858726531
Transform:
  m_ObjectHideFlags: 0
  m_CorrespondingSourceObject: {fileID: 0}
  m_PrefabInstance: {fileID: 0}
  m_PrefabAsset: {fileID: 0}
  m_GameObject: {fileID: 7063391214344446071}
  m_LocalRotation: {x: -0.0000014826645, y: 0.0000010058252, z: -0.000002041445, w: 1}
  m_LocalPosition: {x: -0.02719694, y: 0, z: 0}
  m_LocalScale: {x: 1.000006, y: 0.999999, z: 0.999994}
  m_Children: []
  m_Father: {fileID: 7065870647428096091}
  m_RootOrder: 0
  m_LocalEulerAnglesHint: {x: 0, y: 0, z: 0}
--- !u!1 &7063410590286781849
GameObject:
  m_ObjectHideFlags: 0
  m_CorrespondingSourceObject: {fileID: 0}
  m_PrefabInstance: {fileID: 0}
  m_PrefabAsset: {fileID: 0}
  serializedVersion: 6
  m_Component:
  - component: {fileID: 7066264390683526007}
  - component: {fileID: 7199440915101744657}
  m_Layer: 12
  m_Name: Chest
  m_TagString: Untagged
  m_Icon: {fileID: 0}
  m_NavMeshLayer: 0
  m_StaticEditorFlags: 0
  m_IsActive: 1
--- !u!4 &7066264390683526007
Transform:
  m_ObjectHideFlags: 0
  m_CorrespondingSourceObject: {fileID: 0}
  m_PrefabInstance: {fileID: 0}
  m_PrefabAsset: {fileID: 0}
  m_GameObject: {fileID: 7063410590286781849}
  m_LocalRotation: {x: -0.7071068, y: 0, z: -0, w: 0.7071068}
  m_LocalPosition: {x: 0.00000041313177, y: 1.3328602, z: -0.006310121}
  m_LocalScale: {x: 1, y: 1, z: 1}
  m_Children: []
  m_Father: {fileID: 7066294736548976231}
  m_RootOrder: 3
  m_LocalEulerAnglesHint: {x: 0, y: 0, z: 0}
--- !u!137 &7199440915101744657
SkinnedMeshRenderer:
  m_ObjectHideFlags: 0
  m_CorrespondingSourceObject: {fileID: 0}
  m_PrefabInstance: {fileID: 0}
  m_PrefabAsset: {fileID: 0}
  m_GameObject: {fileID: 7063410590286781849}
  m_Enabled: 1
  m_CastShadows: 1
  m_ReceiveShadows: 1
  m_DynamicOccludee: 1
  m_MotionVectors: 1
  m_LightProbeUsage: 1
  m_ReflectionProbeUsage: 1
  m_RenderingLayerMask: 1
  m_RendererPriority: 0
  m_Materials:
  - {fileID: 2100000, guid: eff790960f165e34faa5b7263095b2d9, type: 2}
  m_StaticBatchInfo:
    firstSubMesh: 0
    subMeshCount: 0
  m_StaticBatchRoot: {fileID: 0}
  m_ProbeAnchor: {fileID: 0}
  m_LightProbeVolumeOverride: {fileID: 0}
  m_ScaleInLightmap: 1
  m_PreserveUVs: 0
  m_IgnoreNormalsForChartDetection: 0
  m_ImportantGI: 0
  m_StitchLightmapSeams: 0
  m_SelectedEditorRenderState: 3
  m_MinimumChartSize: 4
  m_AutoUVMaxDistance: 0.5
  m_AutoUVMaxAngle: 89
  m_LightmapParameters: {fileID: 0}
  m_SortingLayerID: 0
  m_SortingLayer: 0
  m_SortingOrder: 0
  serializedVersion: 2
  m_Quality: 0
  m_UpdateWhenOffscreen: 0
  m_SkinnedMotionVectors: 1
  m_Mesh: {fileID: 4300000, guid: a123bc3d048b39640a6552bd9a5ebc6d, type: 3}
  m_Bones:
  - {fileID: 7066016279582399779}
  - {fileID: 7066288504166417753}
  - {fileID: 7066237327391394591}
  - {fileID: 7066417674454524657}
  - {fileID: 7066027393637159125}
  - {fileID: 7066239931973204051}
  - {fileID: 7065886495515975719}
  - {fileID: 7066392156647471705}
  - {fileID: 7066263950593374825}
  - {fileID: 7066591394117586417}
  - {fileID: 7066390268241334757}
  - {fileID: 7066211091701016149}
  - {fileID: 7066499248159085697}
  - {fileID: 7066081733119262175}
  - {fileID: 7066370938377851179}
  - {fileID: 7066640240684789361}
  - {fileID: 7065827585754624189}
  - {fileID: 7065858401182831215}
  - {fileID: 7065975671337471063}
  - {fileID: 7066090545985224359}
  - {fileID: 7065820763313422063}
  - {fileID: 7066484641817052585}
  m_BlendShapeWeights: []
  m_RootBone: {fileID: 7065820763313422063}
  m_AABB:
    m_Center: {x: -0.4231335, y: 0.01652871, z: -0.0024138987}
    m_Extent: {x: 0.25796008, y: 0.22356884, z: 0.3552722}
  m_DirtyAABB: 0
--- !u!1 &7063411098161778193
GameObject:
  m_ObjectHideFlags: 0
  m_CorrespondingSourceObject: {fileID: 0}
  m_PrefabInstance: {fileID: 0}
  m_PrefabAsset: {fileID: 0}
  serializedVersion: 6
  m_Component:
  - component: {fileID: 7066316424864629691}
  - component: {fileID: 7199301029263201621}
  m_Layer: 12
  m_Name: LKnee
  m_TagString: Untagged
  m_Icon: {fileID: 0}
  m_NavMeshLayer: 0
  m_StaticEditorFlags: 0
  m_IsActive: 1
--- !u!4 &7066316424864629691
Transform:
  m_ObjectHideFlags: 0
  m_CorrespondingSourceObject: {fileID: 0}
  m_PrefabInstance: {fileID: 0}
  m_PrefabAsset: {fileID: 0}
  m_GameObject: {fileID: 7063411098161778193}
  m_LocalRotation: {x: -0.7071068, y: 0, z: -0, w: 0.7071068}
  m_LocalPosition: {x: -0.090619385, y: 0.5357551, z: -0.038673468}
  m_LocalScale: {x: 1, y: 1, z: 1}
  m_Children: []
  m_Father: {fileID: 7066294736548976231}
  m_RootOrder: 8
  m_LocalEulerAnglesHint: {x: 0, y: 0, z: 0}
--- !u!137 &7199301029263201621
SkinnedMeshRenderer:
  m_ObjectHideFlags: 0
  m_CorrespondingSourceObject: {fileID: 0}
  m_PrefabInstance: {fileID: 0}
  m_PrefabAsset: {fileID: 0}
  m_GameObject: {fileID: 7063411098161778193}
  m_Enabled: 1
  m_CastShadows: 1
  m_ReceiveShadows: 1
  m_DynamicOccludee: 1
  m_MotionVectors: 1
  m_LightProbeUsage: 1
  m_ReflectionProbeUsage: 1
  m_RenderingLayerMask: 1
  m_RendererPriority: 0
  m_Materials:
  - {fileID: 2100000, guid: eff790960f165e34faa5b7263095b2d9, type: 2}
  m_StaticBatchInfo:
    firstSubMesh: 0
    subMeshCount: 0
  m_StaticBatchRoot: {fileID: 0}
  m_ProbeAnchor: {fileID: 0}
  m_LightProbeVolumeOverride: {fileID: 0}
  m_ScaleInLightmap: 1
  m_PreserveUVs: 0
  m_IgnoreNormalsForChartDetection: 0
  m_ImportantGI: 0
  m_StitchLightmapSeams: 0
  m_SelectedEditorRenderState: 3
  m_MinimumChartSize: 4
  m_AutoUVMaxDistance: 0.5
  m_AutoUVMaxAngle: 89
  m_LightmapParameters: {fileID: 0}
  m_SortingLayerID: 0
  m_SortingLayer: 0
  m_SortingOrder: 0
  serializedVersion: 2
  m_Quality: 0
  m_UpdateWhenOffscreen: 0
  m_SkinnedMotionVectors: 1
  m_Mesh: {fileID: 4300006, guid: a123bc3d048b39640a6552bd9a5ebc6d, type: 3}
  m_Bones:
  - {fileID: 7066499248159085697}
  - {fileID: 7066081733119262175}
  - {fileID: 7065975671337471063}
  - {fileID: 7065820763313422063}
  - {fileID: 7066542044833712071}
  - {fileID: 7066211091701016149}
  - {fileID: 7066640240684789361}
  - {fileID: 7066370938377851179}
  - {fileID: 7066390268241334757}
  - {fileID: 7065827585754624189}
  - {fileID: 7066591394117586417}
  - {fileID: 7065886495515975719}
  - {fileID: 7066288504166417753}
  - {fileID: 7066016279582399779}
  - {fileID: 7066417674454524657}
  - {fileID: 7066392156647471705}
  - {fileID: 7066263950593374825}
  - {fileID: 7065858401182831215}
  - {fileID: 7066484940106136593}
  - {fileID: 7066090545985224359}
  m_BlendShapeWeights: []
  m_RootBone: {fileID: 7065820763313422063}
  m_AABB:
    m_Center: {x: 0.3741203, y: -0.0067076534, z: 0.08955225}
    m_Extent: {x: 0.18907084, y: 0.10811342, z: 0.074630916}
  m_DirtyAABB: 0
--- !u!1 &7063415055831259433
GameObject:
  m_ObjectHideFlags: 0
  m_CorrespondingSourceObject: {fileID: 0}
  m_PrefabInstance: {fileID: 0}
  m_PrefabAsset: {fileID: 0}
  serializedVersion: 6
  m_Component:
  - component: {fileID: 7065858401182831215}
  m_Layer: 12
  m_Name: Base Human001LForearm
  m_TagString: Untagged
  m_Icon: {fileID: 0}
  m_NavMeshLayer: 0
  m_StaticEditorFlags: 0
  m_IsActive: 1
--- !u!4 &7065858401182831215
Transform:
  m_ObjectHideFlags: 0
  m_CorrespondingSourceObject: {fileID: 0}
  m_PrefabInstance: {fileID: 0}
  m_PrefabAsset: {fileID: 0}
  m_GameObject: {fileID: 7063415055831259433}
  m_LocalRotation: {x: 0.07187261, y: -0.05042093, z: -0.067858584, w: 0.9938246}
  m_LocalPosition: {x: -0.32630122, y: 0.0000006866455, z: -0.000000114440915}
  m_LocalScale: {x: 1.000001, y: 1, z: 1}
  m_Children:
  - {fileID: 7066484940106136593}
  m_Father: {fileID: 7066263950593374825}
  m_RootOrder: 0
  m_LocalEulerAnglesHint: {x: 0, y: 0, z: 0}
--- !u!1 &7063417743415900803
GameObject:
  m_ObjectHideFlags: 0
  m_CorrespondingSourceObject: {fileID: 0}
  m_PrefabInstance: {fileID: 0}
  m_PrefabAsset: {fileID: 0}
  serializedVersion: 6
  m_Component:
  - component: {fileID: 7066392156647471705}
  m_Layer: 12
  m_Name: Base Human001LCollarbone
  m_TagString: Untagged
  m_Icon: {fileID: 0}
  m_NavMeshLayer: 0
  m_StaticEditorFlags: 0
  m_IsActive: 1
--- !u!4 &7066392156647471705
Transform:
  m_ObjectHideFlags: 0
  m_CorrespondingSourceObject: {fileID: 0}
  m_PrefabInstance: {fileID: 0}
  m_PrefabAsset: {fileID: 0}
  m_GameObject: {fileID: 7063417743415900803}
  m_LocalRotation: {x: 0.19978088, y: 0.56440514, z: 0.24927074, w: 0.7611823}
  m_LocalPosition: {x: 0.02657341, y: 0.08681511, z: 0.015056415}
  m_LocalScale: {x: 1, y: 1, z: 1}
  m_Children:
  - {fileID: 7066263950593374825}
  m_Father: {fileID: 7066417674454524657}
  m_RootOrder: 0
  m_LocalEulerAnglesHint: {x: 0, y: 0, z: 0}
--- !u!1 &7063419790368339773
GameObject:
  m_ObjectHideFlags: 0
  m_CorrespondingSourceObject: {fileID: 0}
  m_PrefabInstance: {fileID: 0}
  m_PrefabAsset: {fileID: 0}
  serializedVersion: 6
  m_Component:
  - component: {fileID: 7065827585754624189}
  m_Layer: 12
  m_Name: Base Human001RFoot
  m_TagString: Untagged
  m_Icon: {fileID: 0}
  m_NavMeshLayer: 0
  m_StaticEditorFlags: 0
  m_IsActive: 1
--- !u!4 &7065827585754624189
Transform:
  m_ObjectHideFlags: 0
  m_CorrespondingSourceObject: {fileID: 0}
  m_PrefabInstance: {fileID: 0}
  m_PrefabAsset: {fileID: 0}
  m_GameObject: {fileID: 7063419790368339773}
  m_LocalRotation: {x: 0.02714485, y: 0.029744867, z: -0.7485302, w: 0.6618769}
  m_LocalPosition: {x: -0.44386953, y: 0.000000007152557, z: 0.000000007152557}
  m_LocalScale: {x: 0.999999, y: 0.999982, z: 0.999998}
  m_Children:
  - {fileID: 7066591394117586417}
  m_Father: {fileID: 7066390268241334757}
  m_RootOrder: 0
  m_LocalEulerAnglesHint: {x: 0, y: 0, z: 0}
--- !u!1 &7063451262889569477
GameObject:
  m_ObjectHideFlags: 0
  m_CorrespondingSourceObject: {fileID: 0}
  m_PrefabInstance: {fileID: 0}
  m_PrefabAsset: {fileID: 0}
  serializedVersion: 6
  m_Component:
  - component: {fileID: 7066018547839781555}
  - component: {fileID: 7198947118109976603}
  m_Layer: 12
  m_Name: RFoot
  m_TagString: Untagged
  m_Icon: {fileID: 0}
  m_NavMeshLayer: 0
  m_StaticEditorFlags: 0
  m_IsActive: 1
--- !u!4 &7066018547839781555
Transform:
  m_ObjectHideFlags: 0
  m_CorrespondingSourceObject: {fileID: 0}
  m_PrefabInstance: {fileID: 0}
  m_PrefabAsset: {fileID: 0}
  m_GameObject: {fileID: 7063451262889569477}
  m_LocalRotation: {x: -0.7071068, y: 0, z: -0, w: 0.7071068}
  m_LocalPosition: {x: 0.08348234, y: 0.19248085, z: 0.005523921}
  m_LocalScale: {x: 1, y: 1, z: 1}
  m_Children: []
  m_Father: {fileID: 7066294736548976231}
  m_RootOrder: 11
  m_LocalEulerAnglesHint: {x: 0, y: 0, z: 0}
--- !u!137 &7198947118109976603
SkinnedMeshRenderer:
  m_ObjectHideFlags: 0
  m_CorrespondingSourceObject: {fileID: 0}
  m_PrefabInstance: {fileID: 0}
  m_PrefabAsset: {fileID: 0}
  m_GameObject: {fileID: 7063451262889569477}
  m_Enabled: 1
  m_CastShadows: 1
  m_ReceiveShadows: 1
  m_DynamicOccludee: 1
  m_MotionVectors: 1
  m_LightProbeUsage: 1
  m_ReflectionProbeUsage: 1
  m_RenderingLayerMask: 1
  m_RendererPriority: 0
  m_Materials:
  - {fileID: 2100000, guid: eff790960f165e34faa5b7263095b2d9, type: 2}
  m_StaticBatchInfo:
    firstSubMesh: 0
    subMeshCount: 0
  m_StaticBatchRoot: {fileID: 0}
  m_ProbeAnchor: {fileID: 0}
  m_LightProbeVolumeOverride: {fileID: 0}
  m_ScaleInLightmap: 1
  m_PreserveUVs: 0
  m_IgnoreNormalsForChartDetection: 0
  m_ImportantGI: 0
  m_StitchLightmapSeams: 0
  m_SelectedEditorRenderState: 3
  m_MinimumChartSize: 4
  m_AutoUVMaxDistance: 0.5
  m_AutoUVMaxAngle: 89
  m_LightmapParameters: {fileID: 0}
  m_SortingLayerID: 0
  m_SortingLayer: 0
  m_SortingOrder: 0
  serializedVersion: 2
  m_Quality: 0
  m_UpdateWhenOffscreen: 0
  m_SkinnedMotionVectors: 1
  m_Mesh: {fileID: 4300012, guid: a123bc3d048b39640a6552bd9a5ebc6d, type: 3}
  m_Bones:
  - {fileID: 7066390268241334757}
  - {fileID: 7065827585754624189}
  - {fileID: 7066591394117586417}
  - {fileID: 7066499248159085697}
  - {fileID: 7065975671337471063}
  - {fileID: 7066640240684789361}
  - {fileID: 7066370938377851179}
  - {fileID: 7065820763313422063}
  - {fileID: 7066211091701016149}
  - {fileID: 7066081733119262175}
  - {fileID: 7066542044833712071}
  - {fileID: 7065886495515975719}
  - {fileID: 7066288504166417753}
  - {fileID: 7066016279582399779}
  - {fileID: 7066417674454524657}
  - {fileID: 7066392156647471705}
  - {fileID: 7066263950593374825}
  - {fileID: 7065858401182831215}
  - {fileID: 7066484940106136593}
  - {fileID: 7066090545985224359}
  m_BlendShapeWeights: []
  m_RootBone: {fileID: 7065820763313422063}
  m_AABB:
    m_Center: {x: 0.72137475, y: 0.016727574, z: -0.085101575}
    m_Extent: {x: 0.20934701, y: 0.17265317, z: 0.07420331}
  m_DirtyAABB: 0
--- !u!1 &7063495341406978253
GameObject:
  m_ObjectHideFlags: 0
  m_CorrespondingSourceObject: {fileID: 0}
  m_PrefabInstance: {fileID: 0}
  m_PrefabAsset: {fileID: 0}
  serializedVersion: 6
  m_Component:
  - component: {fileID: 7065982785994915413}
  m_Layer: 12
  m_Name: Base Human001RForearm
  m_TagString: Untagged
  m_Icon: {fileID: 0}
  m_NavMeshLayer: 0
  m_StaticEditorFlags: 0
  m_IsActive: 1
--- !u!4 &7065982785994915413
Transform:
  m_ObjectHideFlags: 0
  m_CorrespondingSourceObject: {fileID: 0}
  m_PrefabInstance: {fileID: 0}
  m_PrefabAsset: {fileID: 0}
  m_GameObject: {fileID: 7063495341406978253}
  m_LocalRotation: {x: -0.07187098, y: 0.050420903, z: -0.06785603, w: 0.99382484}
  m_LocalPosition: {x: -0.32630128, y: -0.0000006723404, z: 0}
  m_LocalScale: {x: 1, y: 1, z: 1}
  m_Children:
  - {fileID: 7066527640135201473}
  m_Father: {fileID: 7066239931973204051}
  m_RootOrder: 0
  m_LocalEulerAnglesHint: {x: 0, y: 0, z: 0}
--- !u!1 &7063525174773760263
GameObject:
  m_ObjectHideFlags: 0
  m_CorrespondingSourceObject: {fileID: 0}
  m_PrefabInstance: {fileID: 0}
  m_PrefabAsset: {fileID: 0}
  serializedVersion: 6
  m_Component:
  - component: {fileID: 7066335795236369073}
  m_Layer: 12
  m_Name: Base Human001RDigit23
  m_TagString: Untagged
  m_Icon: {fileID: 0}
  m_NavMeshLayer: 0
  m_StaticEditorFlags: 0
  m_IsActive: 1
--- !u!4 &7066335795236369073
Transform:
  m_ObjectHideFlags: 0
  m_CorrespondingSourceObject: {fileID: 0}
  m_PrefabInstance: {fileID: 0}
  m_PrefabAsset: {fileID: 0}
  m_GameObject: {fileID: 7063525174773760263}
  m_LocalRotation: {x: -0.00000014455507, y: 0.000003823803, z: 0.019286469, w: 0.999814}
  m_LocalPosition: {x: -0.028705759, y: 0, z: 0.00000023603438}
  m_LocalScale: {x: 0.999998, y: 1, z: 1.000002}
  m_Children: []
  m_Father: {fileID: 7066013460740420499}
  m_RootOrder: 0
  m_LocalEulerAnglesHint: {x: 0, y: 0, z: 0}
--- !u!1 &7063528603253173117
GameObject:
  m_ObjectHideFlags: 0
  m_CorrespondingSourceObject: {fileID: 0}
  m_PrefabInstance: {fileID: 0}
  m_PrefabAsset: {fileID: 0}
  serializedVersion: 6
  m_Component:
  - component: {fileID: 7066027393637159125}
  m_Layer: 12
  m_Name: Base Human001Neck
  m_TagString: Untagged
  m_Icon: {fileID: 0}
  m_NavMeshLayer: 0
  m_StaticEditorFlags: 0
  m_IsActive: 1
--- !u!4 &7066027393637159125
Transform:
  m_ObjectHideFlags: 0
  m_CorrespondingSourceObject: {fileID: 0}
  m_PrefabInstance: {fileID: 0}
  m_PrefabAsset: {fileID: 0}
  m_GameObject: {fileID: 7063528603253173117}
  m_LocalRotation: {x: 7.966521e-15, y: -0.00000001703688, z: -0.11283035, w: 0.99361426}
  m_LocalPosition: {x: -0.000795021, y: -0.003500558, z: -0.0000000067226504}
  m_LocalScale: {x: 1, y: 1, z: 1}
  m_Children:
  - {fileID: 7066484641817052585}
  m_Father: {fileID: 7066417674454524657}
  m_RootOrder: 1
  m_LocalEulerAnglesHint: {x: 0, y: 0, z: 0}
--- !u!1 &7063536213394555037
GameObject:
  m_ObjectHideFlags: 0
  m_CorrespondingSourceObject: {fileID: 0}
  m_PrefabInstance: {fileID: 0}
  m_PrefabAsset: {fileID: 0}
  serializedVersion: 6
  m_Component:
  - component: {fileID: 7065870647428096091}
  m_Layer: 12
  m_Name: Base Human001LDigit12
  m_TagString: Untagged
  m_Icon: {fileID: 0}
  m_NavMeshLayer: 0
  m_StaticEditorFlags: 0
  m_IsActive: 1
--- !u!4 &7065870647428096091
Transform:
  m_ObjectHideFlags: 0
  m_CorrespondingSourceObject: {fileID: 0}
  m_PrefabInstance: {fileID: 0}
  m_PrefabAsset: {fileID: 0}
  m_GameObject: {fileID: 7063536213394555037}
  m_LocalRotation: {x: -0.0000014826645, y: 0.0000010058252, z: -0.000002041445, w: 1}
  m_LocalPosition: {x: -0.027197113, y: 0.00000022888183, z: 0.000000114440915}
  m_LocalScale: {x: 1.000006, y: 0.999999, z: 0.999994}
  m_Children:
  - {fileID: 7066233059858726531}
  m_Father: {fileID: 7066090545985224359}
  m_RootOrder: 0
  m_LocalEulerAnglesHint: {x: 0, y: 0, z: 0}
--- !u!1 &7063550896306170009
GameObject:
  m_ObjectHideFlags: 0
  m_CorrespondingSourceObject: {fileID: 0}
  m_PrefabInstance: {fileID: 0}
  m_PrefabAsset: {fileID: 0}
  serializedVersion: 6
  m_Component:
  - component: {fileID: 7066131653620417335}
  m_Layer: 12
  m_Name: Base Human001LDigit22
  m_TagString: Untagged
  m_Icon: {fileID: 0}
  m_NavMeshLayer: 0
  m_StaticEditorFlags: 0
  m_IsActive: 1
--- !u!4 &7066131653620417335
Transform:
  m_ObjectHideFlags: 0
  m_CorrespondingSourceObject: {fileID: 0}
  m_PrefabInstance: {fileID: 0}
  m_PrefabAsset: {fileID: 0}
  m_GameObject: {fileID: 7063550896306170009}
  m_LocalRotation: {x: -0.00000042834475, y: 0.000003855574, z: 0.019287001, w: 0.999814}
  m_LocalPosition: {x: -0.027604409, y: -0.000000114440915, z: 0.00000020742416}
  m_LocalScale: {x: 1.000002, y: 1, z: 0.999998}
  m_Children:
  - {fileID: 7065844709323390529}
  m_Father: {fileID: 7066568855788037029}
  m_RootOrder: 0
  m_LocalEulerAnglesHint: {x: 0, y: 0, z: 0}
--- !u!1 &7063565251158098841
GameObject:
  m_ObjectHideFlags: 0
  m_CorrespondingSourceObject: {fileID: 0}
  m_PrefabInstance: {fileID: 0}
  m_PrefabAsset: {fileID: 0}
  serializedVersion: 6
  m_Component:
  - component: {fileID: 7066631097529439341}
  m_Layer: 12
  m_Name: Base Human001RDigit42
  m_TagString: Untagged
  m_Icon: {fileID: 0}
  m_NavMeshLayer: 0
  m_StaticEditorFlags: 0
  m_IsActive: 1
--- !u!4 &7066631097529439341
Transform:
  m_ObjectHideFlags: 0
  m_CorrespondingSourceObject: {fileID: 0}
  m_PrefabInstance: {fileID: 0}
  m_PrefabAsset: {fileID: 0}
  m_GameObject: {fileID: 7063565251158098841}
  m_LocalRotation: {x: -0.0000024331484, y: -0.000117385986, z: 0.00012239777, w: 1}
  m_LocalPosition: {x: -0.031775005, y: 0, z: 0.00000027179718}
  m_LocalScale: {x: 1.000001, y: 1, z: 1}
  m_Children:
  - {fileID: 7065886272241975707}
  m_Father: {fileID: 7065690087038022599}
  m_RootOrder: 0
  m_LocalEulerAnglesHint: {x: 0, y: 0, z: 0}
--- !u!1 &7063593480381005717
GameObject:
  m_ObjectHideFlags: 0
  m_CorrespondingSourceObject: {fileID: 0}
  m_PrefabInstance: {fileID: 0}
  m_PrefabAsset: {fileID: 0}
  serializedVersion: 6
  m_Component:
  - component: {fileID: 7066211091701016149}
  m_Layer: 12
  m_Name: Base Human001LFoot
  m_TagString: Untagged
  m_Icon: {fileID: 0}
  m_NavMeshLayer: 0
  m_StaticEditorFlags: 0
  m_IsActive: 1
--- !u!4 &7066211091701016149
Transform:
  m_ObjectHideFlags: 0
  m_CorrespondingSourceObject: {fileID: 0}
  m_PrefabInstance: {fileID: 0}
  m_PrefabAsset: {fileID: 0}
  m_GameObject: {fileID: 7063593480381005717}
  m_LocalRotation: {x: -0.027220402, y: -0.029888146, z: -0.7484362, w: 0.66197354}
  m_LocalPosition: {x: -0.44386947, y: 0.000000007152557, z: 0}
  m_LocalScale: {x: 1, y: 0.999978, z: 1.000001}
  m_Children:
  - {fileID: 7066640240684789361}
  m_Father: {fileID: 7066499248159085697}
  m_RootOrder: 0
  m_LocalEulerAnglesHint: {x: 0, y: 0, z: 0}
--- !u!1 &7063598574833498827
GameObject:
  m_ObjectHideFlags: 0
  m_CorrespondingSourceObject: {fileID: 0}
  m_PrefabInstance: {fileID: 0}
  m_PrefabAsset: {fileID: 0}
  serializedVersion: 6
  m_Component:
  - component: {fileID: 7066519696739509087}
  - component: {fileID: 7198871797007934975}
  m_Layer: 12
  m_Name: RHand
  m_TagString: Untagged
  m_Icon: {fileID: 0}
  m_NavMeshLayer: 0
  m_StaticEditorFlags: 0
  m_IsActive: 1
--- !u!4 &7066519696739509087
Transform:
  m_ObjectHideFlags: 0
  m_CorrespondingSourceObject: {fileID: 0}
  m_PrefabInstance: {fileID: 0}
  m_PrefabAsset: {fileID: 0}
  m_GameObject: {fileID: 7063598574833498827}
  m_LocalRotation: {x: -0.7071068, y: 0, z: -0, w: 0.7071068}
  m_LocalPosition: {x: 0.71227795, y: 1.3974955, z: -0.0451641}
  m_LocalScale: {x: 1, y: 1, z: 1}
  m_Children: []
  m_Father: {fileID: 7066294736548976231}
  m_RootOrder: 12
  m_LocalEulerAnglesHint: {x: 0, y: 0, z: 0}
--- !u!137 &7198871797007934975
SkinnedMeshRenderer:
  m_ObjectHideFlags: 0
  m_CorrespondingSourceObject: {fileID: 0}
  m_PrefabInstance: {fileID: 0}
  m_PrefabAsset: {fileID: 0}
  m_GameObject: {fileID: 7063598574833498827}
  m_Enabled: 1
  m_CastShadows: 1
  m_ReceiveShadows: 1
  m_DynamicOccludee: 1
  m_MotionVectors: 1
  m_LightProbeUsage: 1
  m_ReflectionProbeUsage: 1
  m_RenderingLayerMask: 1
  m_RendererPriority: 0
  m_Materials:
  - {fileID: 2100000, guid: eff790960f165e34faa5b7263095b2d9, type: 2}
  m_StaticBatchInfo:
    firstSubMesh: 0
    subMeshCount: 0
  m_StaticBatchRoot: {fileID: 0}
  m_ProbeAnchor: {fileID: 0}
  m_LightProbeVolumeOverride: {fileID: 0}
  m_ScaleInLightmap: 1
  m_PreserveUVs: 0
  m_IgnoreNormalsForChartDetection: 0
  m_ImportantGI: 0
  m_StitchLightmapSeams: 0
  m_SelectedEditorRenderState: 3
  m_MinimumChartSize: 4
  m_AutoUVMaxDistance: 0.5
  m_AutoUVMaxAngle: 89
  m_LightmapParameters: {fileID: 0}
  m_SortingLayerID: 0
  m_SortingLayer: 0
  m_SortingOrder: 0
  serializedVersion: 2
  m_Quality: 0
  m_UpdateWhenOffscreen: 0
  m_SkinnedMotionVectors: 1
  m_Mesh: {fileID: 4300020, guid: a123bc3d048b39640a6552bd9a5ebc6d, type: 3}
  m_Bones:
  - {fileID: 7066527640135201473}
  - {fileID: 7065982785994915413}
  - {fileID: 7065888731957976041}
  - {fileID: 7066631304906796005}
  - {fileID: 7066261164600319379}
  - {fileID: 7065690087038022599}
  - {fileID: 7065658437778191331}
  - {fileID: 7066547198174730677}
  - {fileID: 7066406215917439083}
  - {fileID: 7066631097529439341}
  - {fileID: 7066013460740420499}
  - {fileID: 7065784384590621885}
  - {fileID: 7066288504166417753}
  - {fileID: 7066016279582399779}
  - {fileID: 7066417674454524657}
  - {fileID: 7066392156647471705}
  - {fileID: 7066263950593374825}
  - {fileID: 7065858401182831215}
  - {fileID: 7066484940106136593}
  - {fileID: 7066090545985224359}
  m_BlendShapeWeights: []
  m_RootBone: {fileID: 7066288504166417753}
  m_AABB:
    m_Center: {x: -0.27201033, y: -0.008346591, z: -0.71035016}
    m_Extent: {x: 0.087175116, y: 0.079466105, z: 0.17931244}
  m_DirtyAABB: 0
--- !u!1 &7063599109727071363
GameObject:
  m_ObjectHideFlags: 0
  m_CorrespondingSourceObject: {fileID: 0}
  m_PrefabInstance: {fileID: 0}
  m_PrefabAsset: {fileID: 0}
  serializedVersion: 6
  m_Component:
  - component: {fileID: 7065804681798240409}
  m_Layer: 12
  m_Name: Base Human001RDigit52
  m_TagString: Untagged
  m_Icon: {fileID: 0}
  m_NavMeshLayer: 0
  m_StaticEditorFlags: 0
  m_IsActive: 1
--- !u!4 &7065804681798240409
Transform:
  m_ObjectHideFlags: 0
  m_CorrespondingSourceObject: {fileID: 0}
  m_PrefabInstance: {fileID: 0}
  m_PrefabAsset: {fileID: 0}
  m_GameObject: {fileID: 7063599109727071363}
  m_LocalRotation: {x: -0.013674813, y: 0.0000037804332, z: -0.0000007381322, w: 0.99990654}
  m_LocalPosition: {x: -0.026911153, y: 0.000000114440915, z: 0.0000002002716}
  m_LocalScale: {x: 1.000002, y: 1, z: 0.999998}
  m_Children:
  - {fileID: 7066155821191401443}
  m_Father: {fileID: 7066631304906796005}
  m_RootOrder: 0
  m_LocalEulerAnglesHint: {x: 0, y: 0, z: 0}
--- !u!1 &7063602672178073591
GameObject:
  m_ObjectHideFlags: 0
  m_CorrespondingSourceObject: {fileID: 0}
  m_PrefabInstance: {fileID: 0}
  m_PrefabAsset: {fileID: 0}
  serializedVersion: 6
  m_Component:
  - component: {fileID: 7065717986593955593}
  m_Layer: 12
  m_Name: Base Human001RDigit32
  m_TagString: Untagged
  m_Icon: {fileID: 0}
  m_NavMeshLayer: 0
  m_StaticEditorFlags: 0
  m_IsActive: 1
--- !u!4 &7065717986593955593
Transform:
  m_ObjectHideFlags: 0
  m_CorrespondingSourceObject: {fileID: 0}
  m_PrefabInstance: {fileID: 0}
  m_PrefabAsset: {fileID: 0}
  m_GameObject: {fileID: 7063602672178073591}
  m_LocalRotation: {x: -0.00000063702385, y: 0.0000038906032, z: -0.0000002309657,
    w: 1}
  m_LocalPosition: {x: -0.03568282, y: 0, z: 0.00000028610228}
  m_LocalScale: {x: 0.999999, y: 1, z: 1.000001}
  m_Children:
  - {fileID: 7065784384590621885}
  m_Father: {fileID: 7065658437778191331}
  m_RootOrder: 0
  m_LocalEulerAnglesHint: {x: 0, y: 0, z: 0}
--- !u!1 &7063661302137427117
GameObject:
  m_ObjectHideFlags: 0
  m_CorrespondingSourceObject: {fileID: 0}
  m_PrefabInstance: {fileID: 0}
  m_PrefabAsset: {fileID: 0}
  serializedVersion: 6
  m_Component:
  - component: {fileID: 7065886495515975719}
  m_Layer: 12
  m_Name: Base Human001Spine1
  m_TagString: Untagged
  m_Icon: {fileID: 0}
  m_NavMeshLayer: 0
  m_StaticEditorFlags: 0
  m_IsActive: 1
--- !u!4 &7065886495515975719
Transform:
  m_ObjectHideFlags: 0
  m_CorrespondingSourceObject: {fileID: 0}
  m_PrefabInstance: {fileID: 0}
  m_PrefabAsset: {fileID: 0}
  m_GameObject: {fileID: 7063661302137427117}
  m_LocalRotation: {x: 0.000000011579756, y: -0.000000048190696, z: -0.10126617, w: 0.9948594}
  m_LocalPosition: {x: -0.04467905, y: -0.003418411, z: -0.000000008483928}
  m_LocalScale: {x: 1, y: 1, z: 1}
  m_Children:
  - {fileID: 7066288504166417753}
  m_Father: {fileID: 7065820763313422063}
  m_RootOrder: 2
  m_LocalEulerAnglesHint: {x: 0, y: 0, z: 0}
--- !u!1 &7063663489851366757
GameObject:
  m_ObjectHideFlags: 0
  m_CorrespondingSourceObject: {fileID: 0}
  m_PrefabInstance: {fileID: 0}
  m_PrefabAsset: {fileID: 0}
  serializedVersion: 6
  m_Component:
  - component: {fileID: 7066013460740420499}
  m_Layer: 12
  m_Name: Base Human001RDigit22
  m_TagString: Untagged
  m_Icon: {fileID: 0}
  m_NavMeshLayer: 0
  m_StaticEditorFlags: 0
  m_IsActive: 1
--- !u!4 &7066013460740420499
Transform:
  m_ObjectHideFlags: 0
  m_CorrespondingSourceObject: {fileID: 0}
  m_PrefabInstance: {fileID: 0}
  m_PrefabAsset: {fileID: 0}
  m_GameObject: {fileID: 7063663489851366757}
  m_LocalRotation: {x: -0.00000028963458, y: 0.0000038116893, z: 0.019286431, w: 0.999814}
  m_LocalPosition: {x: -0.027604235, y: 0.000000114440915, z: 0.00000020742416}
  m_LocalScale: {x: 0.999998, y: 1, z: 1.000002}
  m_Children:
  - {fileID: 7066335795236369073}
  m_Father: {fileID: 7066547198174730677}
  m_RootOrder: 0
  m_LocalEulerAnglesHint: {x: 0, y: 0, z: 0}
--- !u!1 &7063666692548171433
GameObject:
  m_ObjectHideFlags: 0
  m_CorrespondingSourceObject: {fileID: 0}
  m_PrefabInstance: {fileID: 0}
  m_PrefabAsset: {fileID: 0}
  serializedVersion: 6
  m_Component:
  - component: {fileID: 7065975671337471063}
  m_Layer: 12
  m_Name: Base Human001RPlatform
  m_TagString: Untagged
  m_Icon: {fileID: 0}
  m_NavMeshLayer: 0
  m_StaticEditorFlags: 0
  m_IsActive: 1
--- !u!4 &7065975671337471063
Transform:
  m_ObjectHideFlags: 0
  m_CorrespondingSourceObject: {fileID: 0}
  m_PrefabInstance: {fileID: 0}
  m_PrefabAsset: {fileID: 0}
  m_GameObject: {fileID: 7063666692548171433}
  m_LocalRotation: {x: 0.48177359, y: -0.4817735, z: -0.51758504, w: 0.51758516}
  m_LocalPosition: {x: 0.08708618, y: -9.700427e-10, z: 0.007766396}
  m_LocalScale: {x: 1, y: 1, z: 1}
  m_Children: []
  m_Father: {fileID: 7066294736548976231}
  m_RootOrder: 2
  m_LocalEulerAnglesHint: {x: 0, y: 0, z: 0}
--- !u!1 &7063669837354320399
GameObject:
  m_ObjectHideFlags: 0
  m_CorrespondingSourceObject: {fileID: 0}
  m_PrefabInstance: {fileID: 0}
  m_PrefabAsset: {fileID: 0}
  serializedVersion: 6
  m_Component:
  - component: {fileID: 7066417674454524657}
  m_Layer: 12
  m_Name: Base Human001Ribcage
  m_TagString: Untagged
  m_Icon: {fileID: 0}
  m_NavMeshLayer: 0
  m_StaticEditorFlags: 0
  m_IsActive: 1
--- !u!4 &7066417674454524657
Transform:
  m_ObjectHideFlags: 0
  m_CorrespondingSourceObject: {fileID: 0}
  m_PrefabInstance: {fileID: 0}
  m_PrefabAsset: {fileID: 0}
  m_GameObject: {fileID: 7063669837354320399}
  m_LocalRotation: {x: -5.969991e-10, y: -0.0000000107065325, z: -0.11403614, w: 0.9934766}
  m_LocalPosition: {x: -0.15982853, y: 0.000000028610229, z: 0}
  m_LocalScale: {x: 0.999999, y: 0.999999, z: 1}
  m_Children:
  - {fileID: 7066392156647471705}
  - {fileID: 7066027393637159125}
  - {fileID: 7066237327391394591}
  m_Father: {fileID: 7066016279582399779}
  m_RootOrder: 0
  m_LocalEulerAnglesHint: {x: 0, y: 0, z: 0}
