%YAML 1.1
%TAG !u! tag:unity3d.com,2011:
--- !u!1 &4933711575849166811
GameObject:
  m_ObjectHideFlags: 0
  m_CorrespondingSourceObject: {fileID: 0}
  m_PrefabInstance: {fileID: 0}
  m_PrefabAsset: {fileID: 0}
  serializedVersion: 6
  m_Component:
  - component: {fileID: 4930325963429874865}
  m_Layer: 12
  m_Name: Base Human001RDigit53
  m_TagString: Untagged
  m_Icon: {fileID: 0}
  m_NavMeshLayer: 0
  m_StaticEditorFlags: 0
  m_IsActive: 1
--- !u!4 &4930325963429874865
Transform:
  m_ObjectHideFlags: 0
  m_CorrespondingSourceObject: {fileID: 0}
  m_PrefabInstance: {fileID: 0}
  m_PrefabAsset: {fileID: 0}
  m_GameObject: {fileID: 4933711575849166811}
  m_LocalRotation: {x: -0.013673857, y: 0.0000009940874, z: -0.00000049681773, w: 0.99990654}
  m_LocalPosition: {x: -0.023020133, y: 0, z: 0.000000028610229}
  m_LocalScale: {x: 1.000001, y: 1, z: 0.999999}
  m_Children: []
  m_Father: {fileID: 4930767324044925811}
  m_RootOrder: 0
  m_LocalEulerAnglesHint: {x: 0, y: 0, z: 0}
--- !u!1 &4933716930924536121
GameObject:
  m_ObjectHideFlags: 0
  m_CorrespondingSourceObject: {fileID: 0}
  m_PrefabInstance: {fileID: 0}
  m_PrefabAsset: {fileID: 0}
  serializedVersion: 6
  m_Component:
  - component: {fileID: 4930862572109535553}
  m_Layer: 12
  m_Name: Base Human001Spine3
  m_TagString: Untagged
  m_Icon: {fileID: 0}
  m_NavMeshLayer: 0
  m_StaticEditorFlags: 0
  m_IsActive: 1
--- !u!4 &4930862572109535553
Transform:
  m_ObjectHideFlags: 0
  m_CorrespondingSourceObject: {fileID: 0}
  m_PrefabInstance: {fileID: 0}
  m_PrefabAsset: {fileID: 0}
  m_GameObject: {fileID: 4933716930924536121}
  m_LocalRotation: {x: -0.0000000016451989, y: 0.000000015639602, z: 0.042251043,
    w: 0.99910706}
  m_LocalPosition: {x: -0.18067886, y: 0, z: -3.410605e-15}
  m_LocalScale: {x: 1, y: 1, z: 1}
  m_Children:
  - {fileID: 4930635644815775947}
  m_Father: {fileID: 4932535164113993827}
  m_RootOrder: 0
  m_LocalEulerAnglesHint: {x: 0, y: 0, z: 0}
--- !u!1 &4933719313794570599
GameObject:
  m_ObjectHideFlags: 0
  m_CorrespondingSourceObject: {fileID: 0}
  m_PrefabInstance: {fileID: 0}
  m_PrefabAsset: {fileID: 0}
  serializedVersion: 6
  m_Component:
  - component: {fileID: 4930376696183994593}
  m_Layer: 12
  m_Name: Base Human001RDigit11 1
  m_TagString: Untagged
  m_Icon: {fileID: 0}
  m_NavMeshLayer: 0
  m_StaticEditorFlags: 0
  m_IsActive: 1
--- !u!4 &4930376696183994593
Transform:
  m_ObjectHideFlags: 0
  m_CorrespondingSourceObject: {fileID: 0}
  m_PrefabInstance: {fileID: 0}
  m_PrefabAsset: {fileID: 0}
  m_GameObject: {fileID: 4933719313794570599}
  m_LocalRotation: {x: -0.29944542, y: -0.3499971, z: 0.16390142, w: 0.8723364}
  m_LocalPosition: {x: -0.023315106, y: -0.008668556, z: -0.033142965}
  m_LocalScale: {x: 0.999999, y: 0.999999, z: 1.000003}
  m_Children:
  - {fileID: 4930511776938157837}
  m_Father: {fileID: 4932198984718626425}
  m_RootOrder: 0
  m_LocalEulerAnglesHint: {x: 0, y: 0, z: 0}
--- !u!1 &4933728358700638859
GameObject:
  m_ObjectHideFlags: 0
  m_CorrespondingSourceObject: {fileID: 0}
  m_PrefabInstance: {fileID: 0}
  m_PrefabAsset: {fileID: 0}
  serializedVersion: 6
  m_Component:
  - component: {fileID: 4932035516441086593}
  m_Layer: 12
  m_Name: Base Human001LDigit33
  m_TagString: Untagged
  m_Icon: {fileID: 0}
  m_NavMeshLayer: 0
  m_StaticEditorFlags: 0
  m_IsActive: 1
--- !u!4 &4932035516441086593
Transform:
  m_ObjectHideFlags: 0
  m_CorrespondingSourceObject: {fileID: 0}
  m_PrefabInstance: {fileID: 0}
  m_PrefabAsset: {fileID: 0}
  m_GameObject: {fileID: 4933728358700638859}
  m_LocalRotation: {x: 0.00000056996805, y: -0.0000004854536, z: -0.0000021085161,
    w: 1}
  m_LocalPosition: {x: -0.032421228, y: 0.000000114440915, z: -0.000000028610229}
  m_LocalScale: {x: 0.999999, y: 1.000001, z: 1}
  m_Children: []
  m_Father: {fileID: 4932306065914294175}
  m_RootOrder: 0
  m_LocalEulerAnglesHint: {x: 0, y: 0, z: 0}
--- !u!1 &4933757876949024175
GameObject:
  m_ObjectHideFlags: 0
  m_CorrespondingSourceObject: {fileID: 0}
  m_PrefabInstance: {fileID: 0}
  m_PrefabAsset: {fileID: 0}
  serializedVersion: 6
  m_Component:
  - component: {fileID: 4930767324044925811}
  m_Layer: 12
  m_Name: Base Human001RDigit52
  m_TagString: Untagged
  m_Icon: {fileID: 0}
  m_NavMeshLayer: 0
  m_StaticEditorFlags: 0
  m_IsActive: 1
--- !u!4 &4930767324044925811
Transform:
  m_ObjectHideFlags: 0
  m_CorrespondingSourceObject: {fileID: 0}
  m_PrefabInstance: {fileID: 0}
  m_PrefabAsset: {fileID: 0}
  m_GameObject: {fileID: 4933757876949024175}
  m_LocalRotation: {x: -0.013673882, y: 0.0000009822869, z: -0.0000005193329, w: 0.99990654}
  m_LocalPosition: {x: -0.026911067, y: 0, z: 0.000000042915342}
  m_LocalScale: {x: 1.000001, y: 1, z: 0.999999}
  m_Children:
  - {fileID: 4930325963429874865}
  m_Father: {fileID: 4930739025472952827}
  m_RootOrder: 0
  m_LocalEulerAnglesHint: {x: 0, y: 0, z: 0}
--- !u!1 &4933761704939025755
GameObject:
  m_ObjectHideFlags: 0
  m_CorrespondingSourceObject: {fileID: 0}
  m_PrefabInstance: {fileID: 0}
  m_PrefabAsset: {fileID: 0}
  serializedVersion: 6
  m_Component:
  - component: {fileID: 4932188523687778797}
  m_Layer: 12
  m_Name: Base Human001LDigit52
  m_TagString: Untagged
  m_Icon: {fileID: 0}
  m_NavMeshLayer: 0
  m_StaticEditorFlags: 0
  m_IsActive: 1
--- !u!4 &4932188523687778797
Transform:
  m_ObjectHideFlags: 0
  m_CorrespondingSourceObject: {fileID: 0}
  m_PrefabInstance: {fileID: 0}
  m_PrefabAsset: {fileID: 0}
  m_GameObject: {fileID: 4933761704939025755}
  m_LocalRotation: {x: 0.013674991, y: -0.00000023315368, z: -0.0000022694526, w: 0.99990654}
  m_LocalPosition: {x: -0.026911125, y: 0.000000114440915, z: -0.000000028610229}
  m_LocalScale: {x: 0.999999, y: 1, z: 1}
  m_Children:
  - {fileID: 4932419008743492715}
  m_Father: {fileID: 4932073553914722495}
  m_RootOrder: 0
  m_LocalEulerAnglesHint: {x: 0, y: 0, z: 0}
--- !u!1 &4933802429946463625
GameObject:
  m_ObjectHideFlags: 0
  m_CorrespondingSourceObject: {fileID: 0}
  m_PrefabInstance: {fileID: 0}
  m_PrefabAsset: {fileID: 0}
  serializedVersion: 6
  m_Component:
  - component: {fileID: 4930850257060971171}
  m_Layer: 12
  m_Name: Base Human001RCalf
  m_TagString: Untagged
  m_Icon: {fileID: 0}
  m_NavMeshLayer: 0
  m_StaticEditorFlags: 0
  m_IsActive: 1
--- !u!4 &4930850257060971171
Transform:
  m_ObjectHideFlags: 0
  m_CorrespondingSourceObject: {fileID: 0}
  m_PrefabInstance: {fileID: 0}
  m_PrefabAsset: {fileID: 0}
  m_GameObject: {fileID: 4933802429946463625}
  m_LocalRotation: {x: -0.00010222639, y: -0.00036264944, z: 0.13417155, w: 0.99095803}
  m_LocalPosition: {x: -0.44427526, y: 0.00000064238907, z: 0.00000024318695}
  m_LocalScale: {x: 1, y: 1, z: 1}
  m_Children:
  - {fileID: 4932274406038179869}
  m_Father: {fileID: 4932344647068109637}
  m_RootOrder: 0
  m_LocalEulerAnglesHint: {x: 0, y: 0, z: 0}
--- !u!1 &4933802462676768743
GameObject:
  m_ObjectHideFlags: 0
  m_CorrespondingSourceObject: {fileID: 0}
  m_PrefabInstance: {fileID: 0}
  m_PrefabAsset: {fileID: 0}
  serializedVersion: 6
  m_Component:
  - component: {fileID: 4930803994638323559}
  m_Layer: 12
  m_Name: Base Human001Spine1
  m_TagString: Untagged
  m_Icon: {fileID: 0}
  m_NavMeshLayer: 0
  m_StaticEditorFlags: 0
  m_IsActive: 1
--- !u!4 &4930803994638323559
Transform:
  m_ObjectHideFlags: 0
  m_CorrespondingSourceObject: {fileID: 0}
  m_PrefabInstance: {fileID: 0}
  m_PrefabAsset: {fileID: 0}
  m_GameObject: {fileID: 4933802462676768743}
  m_LocalRotation: {x: 0.000000012511717, y: -0.00000004602685, z: -0.07211444, w: 0.99739635}
  m_LocalPosition: {x: -0.04467905, y: -0.003418411, z: -0.000000008483928}
  m_LocalScale: {x: 1, y: 1, z: 1}
  m_Children:
  - {fileID: 4932535164113993827}
  m_Father: {fileID: 4932335817277321075}
  m_RootOrder: 2
  m_LocalEulerAnglesHint: {x: 0, y: 0, z: 0}
--- !u!1 &4933802726170602415
GameObject:
  m_ObjectHideFlags: 0
  m_CorrespondingSourceObject: {fileID: 0}
  m_PrefabInstance: {fileID: 0}
  m_PrefabAsset: {fileID: 0}
  serializedVersion: 6
  m_Component:
  - component: {fileID: 4932266314906394635}
  - component: {fileID: 5013751720541523699}
  m_Layer: 12
  m_Name: RElbow
  m_TagString: Untagged
  m_Icon: {fileID: 0}
  m_NavMeshLayer: 0
  m_StaticEditorFlags: 0
  m_IsActive: 1
--- !u!4 &4932266314906394635
Transform:
  m_ObjectHideFlags: 0
  m_CorrespondingSourceObject: {fileID: 0}
  m_PrefabInstance: {fileID: 0}
  m_PrefabAsset: {fileID: 0}
  m_GameObject: {fileID: 4933802726170602415}
  m_LocalRotation: {x: -0.7071068, y: 0, z: -0, w: 0.7071068}
  m_LocalPosition: {x: 0.43336216, y: 1.483263, z: -0.077995874}
  m_LocalScale: {x: 1, y: 1, z: 1}
  m_Children: []
  m_Father: {fileID: 4932144613347176137}
  m_RootOrder: 10
  m_LocalEulerAnglesHint: {x: 0, y: 0, z: 0}
--- !u!137 &5013751720541523699
SkinnedMeshRenderer:
  m_ObjectHideFlags: 0
  m_CorrespondingSourceObject: {fileID: 0}
  m_PrefabInstance: {fileID: 0}
  m_PrefabAsset: {fileID: 0}
  m_GameObject: {fileID: 4933802726170602415}
  m_Enabled: 1
  m_CastShadows: 1
  m_ReceiveShadows: 1
  m_DynamicOccludee: 1
  m_MotionVectors: 1
  m_LightProbeUsage: 1
  m_ReflectionProbeUsage: 1
  m_RenderingLayerMask: 1
  m_RendererPriority: 0
  m_Materials:
  - {fileID: 2100000, guid: d81ab2128fd6c5f4d95678b9d9727239, type: 2}
  m_StaticBatchInfo:
    firstSubMesh: 0
    subMeshCount: 0
  m_StaticBatchRoot: {fileID: 0}
  m_ProbeAnchor: {fileID: 0}
  m_LightProbeVolumeOverride: {fileID: 0}
  m_ScaleInLightmap: 1
  m_PreserveUVs: 0
  m_IgnoreNormalsForChartDetection: 0
  m_ImportantGI: 0
  m_StitchLightmapSeams: 0
  m_SelectedEditorRenderState: 3
  m_MinimumChartSize: 4
  m_AutoUVMaxDistance: 0.5
  m_AutoUVMaxAngle: 89
  m_LightmapParameters: {fileID: 0}
  m_SortingLayerID: 0
  m_SortingLayer: 0
  m_SortingOrder: 0
  serializedVersion: 2
  m_Quality: 0
  m_UpdateWhenOffscreen: 0
  m_SkinnedMotionVectors: 1
  m_Mesh: {fileID: 4300010, guid: 67881c3bda223a241a81ca03fda3a623, type: 3}
  m_Bones:
  - {fileID: 4932387337456502113}
  - {fileID: 4930375262892248739}
  - {fileID: 4932370670056124887}
  - {fileID: 4932527962869387707}
  - {fileID: 4932176738800667949}
  - {fileID: 4932561094403579827}
  - {fileID: 4932344647068109637}
  - {fileID: 4930850257060971171}
  - {fileID: 4932274406038179869}
  - {fileID: 4930700112167231087}
  - {fileID: 4930803994638323559}
  - {fileID: 4932535164113993827}
  - {fileID: 4930862572109535553}
  - {fileID: 4930635644815775947}
  - {fileID: 4930525124482425485}
  - {fileID: 4930836441921618419}
  - {fileID: 4930501158992893501}
  - {fileID: 4930597968431084323}
  - {fileID: 4932335817277321075}
  - {fileID: 4930590596367923565}
  m_BlendShapeWeights: []
  m_RootBone: {fileID: 4932335817277321075}
  m_AABB:
    m_Center: {x: -0.5626532, y: -0.03627741, z: -0.42586923}
    m_Extent: {x: 0.08196123, y: 0.09345457, z: 0.14479567}
  m_DirtyAABB: 0
--- !u!1 &4933802933055017281
GameObject:
  m_ObjectHideFlags: 0
  m_CorrespondingSourceObject: {fileID: 0}
  m_PrefabInstance: {fileID: 0}
  m_PrefabAsset: {fileID: 0}
  serializedVersion: 6
  m_Component:
  - component: {fileID: 4930718417728705823}
  - component: {fileID: 5014027142243167505}
  m_Layer: 12
  m_Name: Pelvis
  m_TagString: Untagged
  m_Icon: {fileID: 0}
  m_NavMeshLayer: 0
  m_StaticEditorFlags: 0
  m_IsActive: 1
--- !u!4 &4930718417728705823
Transform:
  m_ObjectHideFlags: 0
  m_CorrespondingSourceObject: {fileID: 0}
  m_PrefabInstance: {fileID: 0}
  m_PrefabAsset: {fileID: 0}
  m_GameObject: {fileID: 4933802933055017281}
  m_LocalRotation: {x: -0.7071068, y: 0, z: -0, w: 0.7071068}
  m_LocalPosition: {x: 0.0006164841, y: 0.93947875, z: -0.027916374}
  m_LocalScale: {x: 1, y: 1, z: 1}
  m_Children: []
  m_Father: {fileID: 4932144613347176137}
  m_RootOrder: 9
  m_LocalEulerAnglesHint: {x: 0, y: 0, z: 0}
--- !u!137 &5014027142243167505
SkinnedMeshRenderer:
  m_ObjectHideFlags: 0
  m_CorrespondingSourceObject: {fileID: 0}
  m_PrefabInstance: {fileID: 0}
  m_PrefabAsset: {fileID: 0}
  m_GameObject: {fileID: 4933802933055017281}
  m_Enabled: 1
  m_CastShadows: 1
  m_ReceiveShadows: 1
  m_DynamicOccludee: 1
  m_MotionVectors: 1
  m_LightProbeUsage: 1
  m_ReflectionProbeUsage: 1
  m_RenderingLayerMask: 1
  m_RendererPriority: 0
  m_Materials:
  - {fileID: 2100000, guid: d81ab2128fd6c5f4d95678b9d9727239, type: 2}
  m_StaticBatchInfo:
    firstSubMesh: 0
    subMeshCount: 0
  m_StaticBatchRoot: {fileID: 0}
  m_ProbeAnchor: {fileID: 0}
  m_LightProbeVolumeOverride: {fileID: 0}
  m_ScaleInLightmap: 1
  m_PreserveUVs: 0
  m_IgnoreNormalsForChartDetection: 0
  m_ImportantGI: 0
  m_StitchLightmapSeams: 0
  m_SelectedEditorRenderState: 3
  m_MinimumChartSize: 4
  m_AutoUVMaxDistance: 0.5
  m_AutoUVMaxAngle: 89
  m_LightmapParameters: {fileID: 0}
  m_SortingLayerID: 0
  m_SortingLayer: 0
  m_SortingOrder: 0
  serializedVersion: 2
  m_Quality: 0
  m_UpdateWhenOffscreen: 0
  m_SkinnedMotionVectors: 1
  m_Mesh: {fileID: 4300002, guid: 67881c3bda223a241a81ca03fda3a623, type: 3}
  m_Bones:
  - {fileID: 4930803994638323559}
  - {fileID: 4932535164113993827}
  - {fileID: 4932335817277321075}
  - {fileID: 4932370670056124887}
  - {fileID: 4932344647068109637}
  - {fileID: 4932176738800667949}
  - {fileID: 4930850257060971171}
  - {fileID: 4932274406038179869}
  - {fileID: 4930700112167231087}
  - {fileID: 4932527962869387707}
  - {fileID: 4930765286698668135}
  - {fileID: 4932561094403579827}
  - {fileID: 4930862572109535553}
  - {fileID: 4930635644815775947}
  - {fileID: 4930525124482425485}
  - {fileID: 4930836441921618419}
  - {fileID: 4930501158992893501}
  - {fileID: 4930597968431084323}
  - {fileID: 4932028480120968123}
  - {fileID: 4930590596367923565}
  m_BlendShapeWeights: []
  m_RootBone: {fileID: 4932335817277321075}
  m_AABB:
    m_Center: {x: -0.047237925, y: -0.0036434531, z: 0.0014721826}
    m_Extent: {x: 0.2855026, y: 0.20155111, z: 0.19189319}
  m_DirtyAABB: 0
--- !u!1 &4933806399229198703
GameObject:
  m_ObjectHideFlags: 0
  m_CorrespondingSourceObject: {fileID: 0}
  m_PrefabInstance: {fileID: 0}
  m_PrefabAsset: {fileID: 0}
  serializedVersion: 6
  m_Component:
  - component: {fileID: 4930607220210434759}
  - component: {fileID: 5014147258125262817}
  m_Layer: 12
  m_Name: Head
  m_TagString: Untagged
  m_Icon: {fileID: 0}
  m_NavMeshLayer: 0
  m_StaticEditorFlags: 0
  m_IsActive: 1
--- !u!4 &4930607220210434759
Transform:
  m_ObjectHideFlags: 0
  m_CorrespondingSourceObject: {fileID: 0}
  m_PrefabInstance: {fileID: 0}
  m_PrefabAsset: {fileID: 0}
  m_GameObject: {fileID: 4933806399229198703}
  m_LocalRotation: {x: -0.7071068, y: 0, z: -0, w: 0.7071068}
  m_LocalPosition: {x: -0.0067003556, y: 1.7264043, z: 0.0095473835}
  m_LocalScale: {x: 1, y: 1, z: 1}
  m_Children: []
  m_Father: {fileID: 4932144613347176137}
  m_RootOrder: 4
  m_LocalEulerAnglesHint: {x: 0, y: 0, z: 0}
--- !u!137 &5014147258125262817
SkinnedMeshRenderer:
  m_ObjectHideFlags: 0
  m_CorrespondingSourceObject: {fileID: 0}
  m_PrefabInstance: {fileID: 0}
  m_PrefabAsset: {fileID: 0}
  m_GameObject: {fileID: 4933806399229198703}
  m_Enabled: 1
  m_CastShadows: 1
  m_ReceiveShadows: 1
  m_DynamicOccludee: 1
  m_MotionVectors: 1
  m_LightProbeUsage: 1
  m_ReflectionProbeUsage: 1
  m_RenderingLayerMask: 1
  m_RendererPriority: 0
  m_Materials:
  - {fileID: 2100000, guid: d81ab2128fd6c5f4d95678b9d9727239, type: 2}
  m_StaticBatchInfo:
    firstSubMesh: 0
    subMeshCount: 0
  m_StaticBatchRoot: {fileID: 0}
  m_ProbeAnchor: {fileID: 0}
  m_LightProbeVolumeOverride: {fileID: 0}
  m_ScaleInLightmap: 1
  m_PreserveUVs: 0
  m_IgnoreNormalsForChartDetection: 0
  m_ImportantGI: 0
  m_StitchLightmapSeams: 0
  m_SelectedEditorRenderState: 3
  m_MinimumChartSize: 4
  m_AutoUVMaxDistance: 0.5
  m_AutoUVMaxAngle: 89
  m_LightmapParameters: {fileID: 0}
  m_SortingLayerID: 0
  m_SortingLayer: 0
  m_SortingOrder: 0
  serializedVersion: 2
  m_Quality: 0
  m_UpdateWhenOffscreen: 0
  m_SkinnedMotionVectors: 1
  m_Mesh: {fileID: 4300006, guid: 67881c3bda223a241a81ca03fda3a623, type: 3}
  m_Bones:
  - {fileID: 4930798417321362121}
  - {fileID: 4930619258072953227}
  - {fileID: 4932370670056124887}
  - {fileID: 4932527962869387707}
  - {fileID: 4932176738800667949}
  - {fileID: 4932561094403579827}
  - {fileID: 4932344647068109637}
  - {fileID: 4930850257060971171}
  - {fileID: 4932274406038179869}
  - {fileID: 4930700112167231087}
  - {fileID: 4930803994638323559}
  - {fileID: 4932535164113993827}
  - {fileID: 4930862572109535553}
  - {fileID: 4930635644815775947}
  - {fileID: 4930525124482425485}
  - {fileID: 4930836441921618419}
  - {fileID: 4930501158992893501}
  - {fileID: 4932335817277321075}
  - {fileID: 4932028480120968123}
  - {fileID: 4930590596367923565}
  m_BlendShapeWeights: []
  m_RootBone: {fileID: 4932335817277321075}
  m_AABB:
    m_Center: {x: -0.82822627, y: 0.055779677, z: 0.0067003444}
    m_Extent: {x: 0.17910665, y: 0.17938937, z: 0.09982058}
  m_DirtyAABB: 0
--- !u!1 &4933812971157271127
GameObject:
  m_ObjectHideFlags: 0
  m_CorrespondingSourceObject: {fileID: 0}
  m_PrefabInstance: {fileID: 0}
  m_PrefabAsset: {fileID: 0}
  serializedVersion: 6
  m_Component:
  - component: {fileID: 4932060758585724253}
  m_Layer: 12
  m_Name: Base Human001RDigit33
  m_TagString: Untagged
  m_Icon: {fileID: 0}
  m_NavMeshLayer: 0
  m_StaticEditorFlags: 0
  m_IsActive: 1
--- !u!4 &4932060758585724253
Transform:
  m_ObjectHideFlags: 0
  m_CorrespondingSourceObject: {fileID: 0}
  m_PrefabInstance: {fileID: 0}
  m_PrefabAsset: {fileID: 0}
  m_GameObject: {fileID: 4933812971157271127}
  m_LocalRotation: {x: 0.0000005569312, y: 0.0000011078071, z: -0.00000042840864,
    w: 1}
  m_LocalPosition: {x: -0.03242134, y: 0.000000114440915, z: 0.00000007867813}
  m_LocalScale: {x: 1.000001, y: 1, z: 0.999999}
  m_Children: []
  m_Father: {fileID: 4932377221403803815}
  m_RootOrder: 0
  m_LocalEulerAnglesHint: {x: 0, y: 0, z: 0}
--- !u!1 &4933835999594364797
GameObject:
  m_ObjectHideFlags: 0
  m_CorrespondingSourceObject: {fileID: 0}
  m_PrefabInstance: {fileID: 0}
  m_PrefabAsset: {fileID: 0}
  serializedVersion: 6
  m_Component:
  - component: {fileID: 4932561094403579827}
  m_Layer: 12
  m_Name: Base Human001LDigit11
  m_TagString: Untagged
  m_Icon: {fileID: 0}
  m_NavMeshLayer: 0
  m_StaticEditorFlags: 0
  m_IsActive: 1
--- !u!4 &4932561094403579827
Transform:
  m_ObjectHideFlags: 0
  m_CorrespondingSourceObject: {fileID: 0}
  m_PrefabInstance: {fileID: 0}
  m_PrefabAsset: {fileID: 0}
  m_GameObject: {fileID: 4933835999594364797}
  m_LocalRotation: {x: -0.000057766054, y: -0.000026293652, z: -0.024765095, w: 0.9996933}
  m_LocalPosition: {x: -0.19004746, y: 0, z: 0.000000014305114}
  m_LocalScale: {x: 1, y: 1, z: 1}
  m_Children: []
  m_Father: {fileID: 4932176738800667949}
  m_RootOrder: 0
  m_LocalEulerAnglesHint: {x: 0, y: 0, z: 0}
--- !u!1 &4933840023278989663
GameObject:
  m_ObjectHideFlags: 0
  m_CorrespondingSourceObject: {fileID: 0}
  m_PrefabInstance: {fileID: 0}
  m_PrefabAsset: {fileID: 0}
  serializedVersion: 6
  m_Component:
  - component: {fileID: 4930367073314302303}
  m_Layer: 12
  m_Name: Base Human001RDigit22
  m_TagString: Untagged
  m_Icon: {fileID: 0}
  m_NavMeshLayer: 0
  m_StaticEditorFlags: 0
  m_IsActive: 1
--- !u!4 &4930367073314302303
Transform:
  m_ObjectHideFlags: 0
  m_CorrespondingSourceObject: {fileID: 0}
  m_PrefabInstance: {fileID: 0}
  m_PrefabAsset: {fileID: 0}
  m_GameObject: {fileID: 4933840023278989663}
  m_LocalRotation: {x: 0.0000005255867, y: 0.0000011473778, z: 0.019286307, w: 0.99981403}
  m_LocalPosition: {x: -0.03522829, y: 0.000000114440915, z: 0.00000007867813}
  m_LocalScale: {x: 1.000001, y: 1, z: 0.999999}
  m_Children:
  - {fileID: 4930368641780919561}
  m_Father: {fileID: 4930473917982875395}
  m_RootOrder: 0
  m_LocalEulerAnglesHint: {x: 0, y: 0, z: 0}
--- !u!1 &4933854023548062807
GameObject:
  m_ObjectHideFlags: 0
  m_CorrespondingSourceObject: {fileID: 0}
  m_PrefabInstance: {fileID: 0}
  m_PrefabAsset: {fileID: 0}
  serializedVersion: 6
  m_Component:
  - component: {fileID: 4932527962869387707}
  m_Layer: 12
  m_Name: Base Human001LCalf
  m_TagString: Untagged
  m_Icon: {fileID: 0}
  m_NavMeshLayer: 0
  m_StaticEditorFlags: 0
  m_IsActive: 1
--- !u!4 &4932527962869387707
Transform:
  m_ObjectHideFlags: 0
  m_CorrespondingSourceObject: {fileID: 0}
  m_PrefabInstance: {fileID: 0}
  m_PrefabAsset: {fileID: 0}
  m_GameObject: {fileID: 4933854023548062807}
  m_LocalRotation: {x: 0.00011668194, y: 0.0004569546, z: 0.12411768, w: 0.99226743}
  m_LocalPosition: {x: -0.44389206, y: 0.0000006338954, z: -0.00000018596648}
  m_LocalScale: {x: 1, y: 1, z: 1}
  m_Children:
  - {fileID: 4932176738800667949}
  m_Father: {fileID: 4932370670056124887}
  m_RootOrder: 0
  m_LocalEulerAnglesHint: {x: 0, y: 0, z: 0}
--- !u!1 &4933866227064291013
GameObject:
  m_ObjectHideFlags: 0
  m_CorrespondingSourceObject: {fileID: 0}
  m_PrefabInstance: {fileID: 0}
  m_PrefabAsset: {fileID: 0}
  serializedVersion: 6
  m_Component:
  - component: {fileID: 4930549507816094189}
  - component: {fileID: 5015453687080446605}
  m_Layer: 12
  m_Name: RFoot
  m_TagString: Untagged
  m_Icon: {fileID: 0}
  m_NavMeshLayer: 0
  m_StaticEditorFlags: 0
  m_IsActive: 1
--- !u!4 &4930549507816094189
Transform:
  m_ObjectHideFlags: 0
  m_CorrespondingSourceObject: {fileID: 0}
  m_PrefabInstance: {fileID: 0}
  m_PrefabAsset: {fileID: 0}
  m_GameObject: {fileID: 4933866227064291013}
  m_LocalRotation: {x: -0.7071068, y: 0, z: -0, w: 0.7071068}
  m_LocalPosition: {x: 0.08620883, y: 0.17408627, z: 0.014075732}
  m_LocalScale: {x: 1, y: 1, z: 1}
  m_Children: []
  m_Father: {fileID: 4932144613347176137}
  m_RootOrder: 11
  m_LocalEulerAnglesHint: {x: 0, y: 0, z: 0}
--- !u!137 &5015453687080446605
SkinnedMeshRenderer:
  m_ObjectHideFlags: 0
  m_CorrespondingSourceObject: {fileID: 0}
  m_PrefabInstance: {fileID: 0}
  m_PrefabAsset: {fileID: 0}
  m_GameObject: {fileID: 4933866227064291013}
  m_Enabled: 1
  m_CastShadows: 1
  m_ReceiveShadows: 1
  m_DynamicOccludee: 1
  m_MotionVectors: 1
  m_LightProbeUsage: 1
  m_ReflectionProbeUsage: 1
  m_RenderingLayerMask: 1
  m_RendererPriority: 0
  m_Materials:
  - {fileID: 2100000, guid: d81ab2128fd6c5f4d95678b9d9727239, type: 2}
  m_StaticBatchInfo:
    firstSubMesh: 0
    subMeshCount: 0
  m_StaticBatchRoot: {fileID: 0}
  m_ProbeAnchor: {fileID: 0}
  m_LightProbeVolumeOverride: {fileID: 0}
  m_ScaleInLightmap: 1
  m_PreserveUVs: 0
  m_IgnoreNormalsForChartDetection: 0
  m_ImportantGI: 0
  m_StitchLightmapSeams: 0
  m_SelectedEditorRenderState: 3
  m_MinimumChartSize: 4
  m_AutoUVMaxDistance: 0.5
  m_AutoUVMaxAngle: 89
  m_LightmapParameters: {fileID: 0}
  m_SortingLayerID: 0
  m_SortingLayer: 0
  m_SortingOrder: 0
  serializedVersion: 2
  m_Quality: 0
  m_UpdateWhenOffscreen: 0
  m_SkinnedMotionVectors: 1
  m_Mesh: {fileID: 4300000, guid: 67881c3bda223a241a81ca03fda3a623, type: 3}
  m_Bones:
  - {fileID: 4930850257060971171}
  - {fileID: 4932274406038179869}
  - {fileID: 4930700112167231087}
  - {fileID: 4932370670056124887}
  - {fileID: 4932561094403579827}
  - {fileID: 4932344647068109637}
  - {fileID: 4932335817277321075}
  - {fileID: 4932176738800667949}
  - {fileID: 4932527962869387707}
  - {fileID: 4930765286698668135}
  - {fileID: 4930803994638323559}
  - {fileID: 4932535164113993827}
  - {fileID: 4930862572109535553}
  - {fileID: 4930635644815775947}
  - {fileID: 4930525124482425485}
  - {fileID: 4930836441921618419}
  - {fileID: 4930501158992893501}
  - {fileID: 4930597968431084323}
  - {fileID: 4932028480120968123}
  - {fileID: 4930590596367923565}
  m_BlendShapeWeights: []
  m_RootBone: {fileID: 4932335817277321075}
  m_AABB:
    m_Center: {x: 0.73666817, y: 0.01761046, z: -0.08742623}
    m_Extent: {x: 0.21442068, y: 0.21450612, z: 0.104196444}
  m_DirtyAABB: 0
--- !u!1 &4933875594835126575
GameObject:
  m_ObjectHideFlags: 0
  m_CorrespondingSourceObject: {fileID: 0}
  m_PrefabInstance: {fileID: 0}
  m_PrefabAsset: {fileID: 0}
  serializedVersion: 6
  m_Component:
  - component: {fileID: 4932236008796041961}
  m_Layer: 12
  m_Name: Base Human001LDigit31
  m_TagString: Untagged
  m_Icon: {fileID: 0}
  m_NavMeshLayer: 0
  m_StaticEditorFlags: 0
  m_IsActive: 1
--- !u!4 &4932236008796041961
Transform:
  m_ObjectHideFlags: 0
  m_CorrespondingSourceObject: {fileID: 0}
  m_PrefabInstance: {fileID: 0}
  m_PrefabAsset: {fileID: 0}
  m_GameObject: {fileID: 4933875594835126575}
  m_LocalRotation: {x: -0.013115404, y: 0.041597277, z: 0.04357618, w: 0.9980976}
  m_LocalPosition: {x: -0.09197422, y: 0.003507843, z: 0.0037850046}
  m_LocalScale: {x: 0.999999, y: 1.000001, z: 1}
  m_Children:
  - {fileID: 4932306065914294175}
  m_Father: {fileID: 4930597968431084323}
  m_RootOrder: 2
  m_LocalEulerAnglesHint: {x: 0, y: 0, z: 0}
--- !u!1 &4933876984738859575
GameObject:
  m_ObjectHideFlags: 0
  m_CorrespondingSourceObject: {fileID: 0}
  m_PrefabInstance: {fileID: 0}
  m_PrefabAsset: {fileID: 0}
  serializedVersion: 6
  m_Component:
  - component: {fileID: 4930619258072953227}
  m_Layer: 12
  m_Name: Base Human001Neck
  m_TagString: Untagged
  m_Icon: {fileID: 0}
  m_NavMeshLayer: 0
  m_StaticEditorFlags: 0
  m_IsActive: 1
--- !u!4 &4930619258072953227
Transform:
  m_ObjectHideFlags: 0
  m_CorrespondingSourceObject: {fileID: 0}
  m_PrefabInstance: {fileID: 0}
  m_PrefabAsset: {fileID: 0}
  m_GameObject: {fileID: 4933876984738859575}
  m_LocalRotation: {x: 1.3497248e-14, y: -0.00000003745361, z: -0.24804455, w: 0.9687486}
  m_LocalPosition: {x: -0.000795021, y: -0.0035005617, z: -0.0000000067226504}
  m_LocalScale: {x: 1, y: 1, z: 1}
  m_Children:
  - {fileID: 4930798417321362121}
  m_Father: {fileID: 4930635644815775947}
  m_RootOrder: 1
  m_LocalEulerAnglesHint: {x: 0, y: 0, z: 0}
--- !u!1 &4933894823170552137
GameObject:
  m_ObjectHideFlags: 0
  m_CorrespondingSourceObject: {fileID: 0}
  m_PrefabInstance: {fileID: 0}
  m_PrefabAsset: {fileID: 0}
  serializedVersion: 6
  m_Component:
  - component: {fileID: 4932407780284621281}
  - component: {fileID: 5013802724821604333}
  m_Layer: 12
  m_Name: Chest
  m_TagString: Untagged
  m_Icon: {fileID: 0}
  m_NavMeshLayer: 0
  m_StaticEditorFlags: 0
  m_IsActive: 1
--- !u!4 &4932407780284621281
Transform:
  m_ObjectHideFlags: 0
  m_CorrespondingSourceObject: {fileID: 0}
  m_PrefabInstance: {fileID: 0}
  m_PrefabAsset: {fileID: 0}
  m_GameObject: {fileID: 4933894823170552137}
  m_LocalRotation: {x: -0.7071068, y: 0, z: -0, w: 0.7071068}
  m_LocalPosition: {x: -0.005212697, y: 1.3972985, z: -0.030010972}
  m_LocalScale: {x: 1, y: 1, z: 1}
  m_Children: []
  m_Father: {fileID: 4932144613347176137}
  m_RootOrder: 3
  m_LocalEulerAnglesHint: {x: 0, y: 0, z: 0}
--- !u!137 &5013802724821604333
SkinnedMeshRenderer:
  m_ObjectHideFlags: 0
  m_CorrespondingSourceObject: {fileID: 0}
  m_PrefabInstance: {fileID: 0}
  m_PrefabAsset: {fileID: 0}
  m_GameObject: {fileID: 4933894823170552137}
  m_Enabled: 1
  m_CastShadows: 1
  m_ReceiveShadows: 1
  m_DynamicOccludee: 1
  m_MotionVectors: 1
  m_LightProbeUsage: 1
  m_ReflectionProbeUsage: 1
  m_RenderingLayerMask: 1
  m_RendererPriority: 0
  m_Materials:
  - {fileID: 2100000, guid: d81ab2128fd6c5f4d95678b9d9727239, type: 2}
  m_StaticBatchInfo:
    firstSubMesh: 0
    subMeshCount: 0
  m_StaticBatchRoot: {fileID: 0}
  m_ProbeAnchor: {fileID: 0}
  m_LightProbeVolumeOverride: {fileID: 0}
  m_ScaleInLightmap: 1
  m_PreserveUVs: 0
  m_IgnoreNormalsForChartDetection: 0
  m_ImportantGI: 0
  m_StitchLightmapSeams: 0
  m_SelectedEditorRenderState: 3
  m_MinimumChartSize: 4
  m_AutoUVMaxDistance: 0.5
  m_AutoUVMaxAngle: 89
  m_LightmapParameters: {fileID: 0}
  m_SortingLayerID: 0
  m_SortingLayer: 0
  m_SortingOrder: 0
  serializedVersion: 2
  m_Quality: 0
  m_UpdateWhenOffscreen: 0
  m_SkinnedMotionVectors: 1
  m_Mesh: {fileID: 4300004, guid: 67881c3bda223a241a81ca03fda3a623, type: 3}
  m_Bones:
  - {fileID: 4930836441921618419}
  - {fileID: 4930525124482425485}
  - {fileID: 4932535164113993827}
  - {fileID: 4930862572109535553}
  - {fileID: 4930635644815775947}
  - {fileID: 4932008281503991097}
  - {fileID: 4930619258072953227}
  - {fileID: 4932387337456502113}
  - {fileID: 4932274406038179869}
  - {fileID: 4930700112167231087}
  - {fileID: 4930803994638323559}
  - {fileID: 4930850257060971171}
  - {fileID: 4932344647068109637}
  - {fileID: 4932561094403579827}
  - {fileID: 4932176738800667949}
  - {fileID: 4932527962869387707}
  - {fileID: 4930501158992893501}
  - {fileID: 4930597968431084323}
  - {fileID: 4932370670056124887}
  - {fileID: 4930590596367923565}
  - {fileID: 4932335817277321075}
  - {fileID: 4930798417321362121}
  m_BlendShapeWeights: []
  m_RootBone: {fileID: 4932335817277321075}
  m_AABB:
    m_Center: {x: -0.49156445, y: -0.019178256, z: 0.012477383}
    m_Extent: {x: 0.29714894, y: 0.23680906, z: 0.38414925}
  m_DirtyAABB: 0
--- !u!1 &4933896105365018919
GameObject:
  m_ObjectHideFlags: 0
  m_CorrespondingSourceObject: {fileID: 0}
  m_PrefabInstance: {fileID: 0}
  m_PrefabAsset: {fileID: 0}
  serializedVersion: 6
  m_Component:
  - component: {fileID: 4930368641780919561}
  m_Layer: 12
  m_Name: Base Human001RDigit23
  m_TagString: Untagged
  m_Icon: {fileID: 0}
  m_NavMeshLayer: 0
  m_StaticEditorFlags: 0
  m_IsActive: 1
--- !u!4 &4930368641780919561
Transform:
  m_ObjectHideFlags: 0
  m_CorrespondingSourceObject: {fileID: 0}
  m_PrefabInstance: {fileID: 0}
  m_PrefabAsset: {fileID: 0}
  m_GameObject: {fileID: 4933896105365018919}
  m_LocalRotation: {x: 0.0000005706388, y: 0.0000011297336, z: 0.0192863, w: 0.99981403}
  m_LocalPosition: {x: -0.036634084, y: 0.000000114440915, z: 0.000000085830685}
  m_LocalScale: {x: 1.000001, y: 1, z: 0.999999}
  m_Children: []
  m_Father: {fileID: 4930367073314302303}
  m_RootOrder: 0
  m_LocalEulerAnglesHint: {x: 0, y: 0, z: 0}
--- !u!1 &4933950559396464947
GameObject:
  m_ObjectHideFlags: 0
  m_CorrespondingSourceObject: {fileID: 0}
  m_PrefabInstance: {fileID: 0}
  m_PrefabAsset: {fileID: 0}
  serializedVersion: 6
  m_Component:
  - component: {fileID: 4932184044875453605}
  - component: {fileID: 5015404426011814239}
  m_Layer: 12
  m_Name: LElbow
  m_TagString: Untagged
  m_Icon: {fileID: 0}
  m_NavMeshLayer: 0
  m_StaticEditorFlags: 0
  m_IsActive: 1
--- !u!4 &4932184044875453605
Transform:
  m_ObjectHideFlags: 0
  m_CorrespondingSourceObject: {fileID: 0}
  m_PrefabInstance: {fileID: 0}
  m_PrefabAsset: {fileID: 0}
  m_GameObject: {fileID: 4933950559396464947}
  m_LocalRotation: {x: -0.7071068, y: 0, z: -0, w: 0.7071068}
  m_LocalPosition: {x: -0.44423115, y: 1.4890816, z: -0.061779004}
  m_LocalScale: {x: 1, y: 1, z: 1}
  m_Children: []
  m_Father: {fileID: 4932144613347176137}
  m_RootOrder: 5
  m_LocalEulerAnglesHint: {x: 0, y: 0, z: 0}
--- !u!137 &5015404426011814239
SkinnedMeshRenderer:
  m_ObjectHideFlags: 0
  m_CorrespondingSourceObject: {fileID: 0}
  m_PrefabInstance: {fileID: 0}
  m_PrefabAsset: {fileID: 0}
  m_GameObject: {fileID: 4933950559396464947}
  m_Enabled: 1
  m_CastShadows: 1
  m_ReceiveShadows: 1
  m_DynamicOccludee: 1
  m_MotionVectors: 1
  m_LightProbeUsage: 1
  m_ReflectionProbeUsage: 1
  m_RenderingLayerMask: 1
  m_RendererPriority: 0
  m_Materials:
  - {fileID: 2100000, guid: d81ab2128fd6c5f4d95678b9d9727239, type: 2}
  m_StaticBatchInfo:
    firstSubMesh: 0
    subMeshCount: 0
  m_StaticBatchRoot: {fileID: 0}
  m_ProbeAnchor: {fileID: 0}
  m_LightProbeVolumeOverride: {fileID: 0}
  m_ScaleInLightmap: 1
  m_PreserveUVs: 0
  m_IgnoreNormalsForChartDetection: 0
  m_ImportantGI: 0
  m_StitchLightmapSeams: 0
  m_SelectedEditorRenderState: 3
  m_MinimumChartSize: 4
  m_AutoUVMaxDistance: 0.5
  m_AutoUVMaxAngle: 89
  m_LightmapParameters: {fileID: 0}
  m_SortingLayerID: 0
  m_SortingLayer: 0
  m_SortingOrder: 0
  serializedVersion: 2
  m_Quality: 0
  m_UpdateWhenOffscreen: 0
  m_SkinnedMotionVectors: 1
  m_Mesh: {fileID: 4300008, guid: 67881c3bda223a241a81ca03fda3a623, type: 3}
  m_Bones:
  - {fileID: 4930836441921618419}
  - {fileID: 4930501158992893501}
  - {fileID: 4932370670056124887}
  - {fileID: 4932527962869387707}
  - {fileID: 4932176738800667949}
  - {fileID: 4932561094403579827}
  - {fileID: 4932344647068109637}
  - {fileID: 4930850257060971171}
  - {fileID: 4932335817277321075}
  - {fileID: 4930700112167231087}
  - {fileID: 4930803994638323559}
  - {fileID: 4932535164113993827}
  - {fileID: 4930862572109535553}
  - {fileID: 4930635644815775947}
  - {fileID: 4930525124482425485}
  - {fileID: 4932274406038179869}
  - {fileID: 4930765286698668135}
  - {fileID: 4930597968431084323}
  - {fileID: 4932028480120968123}
  - {fileID: 4930590596367923565}
  m_BlendShapeWeights: []
  m_RootBone: {fileID: 4932335817277321075}
  m_AABB:
    m_Center: {x: -0.5740565, y: -0.010841161, z: 0.4463184}
    m_Extent: {x: 0.08432549, y: 0.090275854, z: 0.1367029}
  m_DirtyAABB: 0
--- !u!1 &4933959599032787689
GameObject:
  m_ObjectHideFlags: 0
  m_CorrespondingSourceObject: {fileID: 0}
  m_PrefabInstance: {fileID: 0}
  m_PrefabAsset: {fileID: 0}
  serializedVersion: 6
  m_Component:
  - component: {fileID: 4932335817277321075}
  m_Layer: 12
  m_Name: Base Human001Pelvis
  m_TagString: Untagged
  m_Icon: {fileID: 0}
  m_NavMeshLayer: 0
  m_StaticEditorFlags: 0
  m_IsActive: 1
--- !u!4 &4932335817277321075
Transform:
  m_ObjectHideFlags: 0
  m_CorrespondingSourceObject: {fileID: 0}
  m_PrefabInstance: {fileID: 0}
  m_PrefabAsset: {fileID: 0}
  m_GameObject: {fileID: 4933959599032787689}
  m_LocalRotation: {x: 0.49912703, y: -0.50087154, z: -0.49912694, w: 0.5008715}
  m_LocalPosition: {x: 0.000000044889905, y: 0.9103946, z: -0.035709515}
  m_LocalScale: {x: 1, y: 1, z: 1}
  m_Children:
  - {fileID: 4932370670056124887}
  - {fileID: 4932344647068109637}
  - {fileID: 4930803994638323559}
  m_Father: {fileID: 4932144613347176137}
  m_RootOrder: 1
  m_LocalEulerAnglesHint: {x: 0, y: 0, z: 0}
--- !u!1 &4933969973581798789
GameObject:
  m_ObjectHideFlags: 0
  m_CorrespondingSourceObject: {fileID: 0}
  m_PrefabInstance: {fileID: 0}
  m_PrefabAsset: {fileID: 0}
  serializedVersion: 6
  m_Component:
  - component: {fileID: 4932378604795694395}
  m_Layer: 12
  m_Name: Base Human001RDigit13
  m_TagString: Untagged
  m_Icon: {fileID: 0}
  m_NavMeshLayer: 0
  m_StaticEditorFlags: 0
  m_IsActive: 1
--- !u!4 &4932378604795694395
Transform:
  m_ObjectHideFlags: 0
  m_CorrespondingSourceObject: {fileID: 0}
  m_PrefabInstance: {fileID: 0}
  m_PrefabAsset: {fileID: 0}
  m_GameObject: {fileID: 4933969973581798789}
  m_LocalRotation: {x: 0.000000089407024, y: 0.0000001341107, z: 0.00000049173906,
    w: 1}
  m_LocalPosition: {x: -0.038666036, y: 0, z: 0.000000114440915}
  m_LocalScale: {x: 0.999998, y: 0.999999, z: 1.000003}
  m_Children: []
  m_Father: {fileID: 4930511776938157837}
  m_RootOrder: 0
  m_LocalEulerAnglesHint: {x: 0, y: 0, z: 0}
--- !u!1 &4933979979787718171
GameObject:
  m_ObjectHideFlags: 0
  m_CorrespondingSourceObject: {fileID: 0}
  m_PrefabInstance: {fileID: 0}
  m_PrefabAsset: {fileID: 0}
  serializedVersion: 6
  m_Component:
  - component: {fileID: 4930375262892248739}
  m_Layer: 12
  m_Name: Base Human001RForearm
  m_TagString: Untagged
  m_Icon: {fileID: 0}
  m_NavMeshLayer: 0
  m_StaticEditorFlags: 0
  m_IsActive: 1
--- !u!4 &4930375262892248739
Transform:
  m_ObjectHideFlags: 0
  m_CorrespondingSourceObject: {fileID: 0}
  m_PrefabInstance: {fileID: 0}
  m_PrefabAsset: {fileID: 0}
  m_GameObject: {fileID: 4933979979787718171}
  m_LocalRotation: {x: -0.07029132, y: 0.003733841, z: -0.11346534, w: 0.99104536}
  m_LocalPosition: {x: -0.299641, y: 0.000000014305114, z: 0}
  m_LocalScale: {x: 1, y: 1, z: 1}
  m_Children:
  - {fileID: 4932198984718626425}
  m_Father: {fileID: 4932387337456502113}
  m_RootOrder: 0
  m_LocalEulerAnglesHint: {x: 0, y: 0, z: 0}
--- !u!1 &4933996038264319327
GameObject:
  m_ObjectHideFlags: 0
  m_CorrespondingSourceObject: {fileID: 0}
  m_PrefabInstance: {fileID: 0}
  m_PrefabAsset: {fileID: 0}
  serializedVersion: 6
  m_Component:
  - component: {fileID: 4930590596367923565}
  m_Layer: 12
  m_Name: Base Human001LDigit12
  m_TagString: Untagged
  m_Icon: {fileID: 0}
  m_NavMeshLayer: 0
  m_StaticEditorFlags: 0
  m_IsActive: 1
--- !u!4 &4930590596367923565
Transform:
  m_ObjectHideFlags: 0
  m_CorrespondingSourceObject: {fileID: 0}
  m_PrefabInstance: {fileID: 0}
  m_PrefabAsset: {fileID: 0}
  m_GameObject: {fileID: 4933996038264319327}
  m_LocalRotation: {x: -0.0000007301554, y: -0.00000013411048, z: -0.0000008046665,
    w: 1}
  m_LocalPosition: {x: -0.038666096, y: 0, z: 0}
  m_LocalScale: {x: 0.999995, y: 1.000002, z: 1.000002}
  m_Children:
  - {fileID: 4930762981383002369}
  m_Father: {fileID: 4932028480120968123}
  m_RootOrder: 0
  m_LocalEulerAnglesHint: {x: 0, y: 0, z: 0}
--- !u!1 &4934004795881023907
GameObject:
  m_ObjectHideFlags: 0
  m_CorrespondingSourceObject: {fileID: 0}
  m_PrefabInstance: {fileID: 0}
  m_PrefabAsset: {fileID: 0}
  serializedVersion: 6
  m_Component:
  - component: {fileID: 4932306065914294175}
  m_Layer: 12
  m_Name: Base Human001LDigit32
  m_TagString: Untagged
  m_Icon: {fileID: 0}
  m_NavMeshLayer: 0
  m_StaticEditorFlags: 0
  m_IsActive: 1
--- !u!4 &4932306065914294175
Transform:
  m_ObjectHideFlags: 0
  m_CorrespondingSourceObject: {fileID: 0}
  m_PrefabInstance: {fileID: 0}
  m_PrefabAsset: {fileID: 0}
  m_GameObject: {fileID: 4934004795881023907}
  m_LocalRotation: {x: 0.0000005681054, y: -0.0000004877819, z: -0.0000021085161,
    w: 1}
  m_LocalPosition: {x: -0.043982964, y: 0.00000022888183, z: -0.000000042915342}
  m_LocalScale: {x: 0.999999, y: 1.000001, z: 1}
  m_Children:
  - {fileID: 4932035516441086593}
  m_Father: {fileID: 4932236008796041961}
  m_RootOrder: 0
  m_LocalEulerAnglesHint: {x: 0, y: 0, z: 0}
--- !u!1 &4934006655947724187
GameObject:
  m_ObjectHideFlags: 0
  m_CorrespondingSourceObject: {fileID: 0}
  m_PrefabInstance: {fileID: 0}
  m_PrefabAsset: {fileID: 0}
  serializedVersion: 6
  m_Component:
  - component: {fileID: 4930762981383002369}
  m_Layer: 12
  m_Name: Base Human001LDigit13
  m_TagString: Untagged
  m_Icon: {fileID: 0}
  m_NavMeshLayer: 0
  m_StaticEditorFlags: 0
  m_IsActive: 1
--- !u!4 &4930762981383002369
Transform:
  m_ObjectHideFlags: 0
  m_CorrespondingSourceObject: {fileID: 0}
  m_PrefabInstance: {fileID: 0}
  m_PrefabAsset: {fileID: 0}
  m_GameObject: {fileID: 4934006655947724187}
  m_LocalRotation: {x: -0.0000007301554, y: -0.00000013411048, z: -0.0000008046665,
    w: 1}
  m_LocalPosition: {x: -0.038665865, y: 0.000000114440915, z: 0}
  m_LocalScale: {x: 0.999995, y: 1.000002, z: 1.000002}
  m_Children: []
  m_Father: {fileID: 4930590596367923565}
  m_RootOrder: 0
  m_LocalEulerAnglesHint: {x: 0, y: 0, z: 0}
--- !u!1 &4934015020478103513
GameObject:
  m_ObjectHideFlags: 0
  m_CorrespondingSourceObject: {fileID: 0}
  m_PrefabInstance: {fileID: 0}
  m_PrefabAsset: {fileID: 0}
  serializedVersion: 6
  m_Component:
  - component: {fileID: 4930739025472952827}
  m_Layer: 12
  m_Name: Base Human001RDigit51
  m_TagString: Untagged
  m_Icon: {fileID: 0}
  m_NavMeshLayer: 0
  m_StaticEditorFlags: 0
  m_IsActive: 1
--- !u!4 &4930739025472952827
Transform:
  m_ObjectHideFlags: 0
  m_CorrespondingSourceObject: {fileID: 0}
  m_PrefabInstance: {fileID: 0}
  m_PrefabAsset: {fileID: 0}
  m_GameObject: {fileID: 4934015020478103513}
  m_LocalRotation: {x: 0.0786714, y: -0.011246179, z: 0.023128895, w: 0.9965688}
  m_LocalPosition: {x: -0.086443745, y: -0.0031209183, z: 0.038606785}
  m_LocalScale: {x: 1.000001, y: 1, z: 0.999999}
  m_Children:
  - {fileID: 4930767324044925811}
  m_Father: {fileID: 4932198984718626425}
  m_RootOrder: 4
  m_LocalEulerAnglesHint: {x: 0, y: 0, z: 0}
--- !u!1 &4934017101893477887
GameObject:
  m_ObjectHideFlags: 0
  m_CorrespondingSourceObject: {fileID: 0}
  m_PrefabInstance: {fileID: 0}
  m_PrefabAsset: {fileID: 0}
  serializedVersion: 6
  m_Component:
  - component: {fileID: 4930525124482425485}
  m_Layer: 12
  m_Name: Base Human001LCollarbone
  m_TagString: Untagged
  m_Icon: {fileID: 0}
  m_NavMeshLayer: 0
  m_StaticEditorFlags: 0
  m_IsActive: 1
--- !u!4 &4930525124482425485
Transform:
  m_ObjectHideFlags: 0
  m_CorrespondingSourceObject: {fileID: 0}
  m_PrefabInstance: {fileID: 0}
  m_PrefabAsset: {fileID: 0}
  m_GameObject: {fileID: 4934017101893477887}
  m_LocalRotation: {x: 0.10339195, y: 0.63315856, z: 0.16341138, w: 0.74947786}
  m_LocalPosition: {x: 0.02657341, y: 0.08681511, z: 0.015056415}
  m_LocalScale: {x: 1, y: 1, z: 1}
  m_Children:
  - {fileID: 4930836441921618419}
  m_Father: {fileID: 4930635644815775947}
  m_RootOrder: 0
  m_LocalEulerAnglesHint: {x: 0, y: 0, z: 0}
--- !u!1 &4934094177939236093
GameObject:
  m_ObjectHideFlags: 0
  m_CorrespondingSourceObject: {fileID: 0}
  m_PrefabInstance: {fileID: 0}
  m_PrefabAsset: {fileID: 0}
  serializedVersion: 6
  m_Component:
  - component: {fileID: 4930700112167231087}
  m_Layer: 12
  m_Name: Base Human001RDigit11
  m_TagString: Untagged
  m_Icon: {fileID: 0}
  m_NavMeshLayer: 0
  m_StaticEditorFlags: 0
  m_IsActive: 1
--- !u!4 &4930700112167231087
Transform:
  m_ObjectHideFlags: 0
  m_CorrespondingSourceObject: {fileID: 0}
  m_PrefabInstance: {fileID: 0}
  m_PrefabAsset: {fileID: 0}
  m_GameObject: {fileID: 4934094177939236093}
  m_LocalRotation: {x: 0.000059456757, y: -0.000042196083, z: -0.024530826, w: 0.99969906}
  m_LocalPosition: {x: -0.19004744, y: 0.000000007152557, z: -0.000000021457671}
  m_LocalScale: {x: 1, y: 1, z: 1}
  m_Children: []
  m_Father: {fileID: 4932274406038179869}
  m_RootOrder: 0
  m_LocalEulerAnglesHint: {x: 0, y: 0, z: 0}
--- !u!1 &4934128263097795841
GameObject:
  m_ObjectHideFlags: 0
  m_CorrespondingSourceObject: {fileID: 0}
  m_PrefabInstance: {fileID: 0}
  m_PrefabAsset: {fileID: 0}
  serializedVersion: 6
  m_Component:
  - component: {fileID: 4930635567998661307}
  m_Layer: 12
  m_Name: Base Human001LDigit41
  m_TagString: Untagged
  m_Icon: {fileID: 0}
  m_NavMeshLayer: 0
  m_StaticEditorFlags: 0
  m_IsActive: 1
--- !u!4 &4930635567998661307
Transform:
  m_ObjectHideFlags: 0
  m_CorrespondingSourceObject: {fileID: 0}
  m_PrefabInstance: {fileID: 0}
  m_PrefabAsset: {fileID: 0}
  m_GameObject: {fileID: 4934128263097795841}
  m_LocalRotation: {x: -0.0395919, y: 0.03430112, z: 0.022747403, w: 0.9983679}
  m_LocalPosition: {x: -0.09331192, y: -0.00046749113, z: -0.016161101}
  m_LocalScale: {x: 0.999999, y: 1, z: 1}
  m_Children:
  - {fileID: 4932457145470921501}
  m_Father: {fileID: 4930597968431084323}
  m_RootOrder: 3
  m_LocalEulerAnglesHint: {x: 0, y: 0, z: 0}
--- !u!1 &4934149120654072519
GameObject:
  m_ObjectHideFlags: 0
  m_CorrespondingSourceObject: {fileID: 0}
  m_PrefabInstance: {fileID: 0}
  m_PrefabAsset: {fileID: 0}
  serializedVersion: 6
  m_Component:
  - component: {fileID: 4932419008743492715}
  m_Layer: 12
  m_Name: Base Human001LDigit53
  m_TagString: Untagged
  m_Icon: {fileID: 0}
  m_NavMeshLayer: 0
  m_StaticEditorFlags: 0
  m_IsActive: 1
--- !u!4 &4932419008743492715
Transform:
  m_ObjectHideFlags: 0
  m_CorrespondingSourceObject: {fileID: 0}
  m_PrefabInstance: {fileID: 0}
  m_PrefabAsset: {fileID: 0}
  m_GameObject: {fileID: 4934149120654072519}
  m_LocalRotation: {x: 0.013674998, y: -0.0000002949281, z: -0.000002257431, w: 0.99990654}
  m_LocalPosition: {x: -0.023020076, y: 0, z: -0.000000014305114}
  m_LocalScale: {x: 0.999999, y: 1, z: 1}
  m_Children: []
  m_Father: {fileID: 4932188523687778797}
  m_RootOrder: 0
  m_LocalEulerAnglesHint: {x: 0, y: 0, z: 0}
--- !u!1 &4934163298969569687
GameObject:
  m_ObjectHideFlags: 0
  m_CorrespondingSourceObject: {fileID: 0}
  m_PrefabInstance: {fileID: 0}
  m_PrefabAsset: {fileID: 0}
  serializedVersion: 6
  m_Component:
  - component: {fileID: 4930765286698668135}
  m_Layer: 12
  m_Name: Base Human001LPlatform
  m_TagString: Untagged
  m_Icon: {fileID: 0}
  m_NavMeshLayer: 0
  m_StaticEditorFlags: 0
  m_IsActive: 1
--- !u!4 &4930765286698668135
Transform:
  m_ObjectHideFlags: 0
  m_CorrespondingSourceObject: {fileID: 0}
  m_PrefabInstance: {fileID: 0}
  m_PrefabAsset: {fileID: 0}
  m_GameObject: {fileID: 4934163298969569687}
  m_LocalRotation: {x: 0.53201, y: -0.53200996, z: -0.46579537, w: 0.46579546}
  m_LocalPosition: {x: -0.122873306, y: -1.8749951e-11, z: 0.013603145}
  m_LocalScale: {x: 1, y: 1, z: 1}
  m_Children: []
  m_Father: {fileID: 4932144613347176137}
  m_RootOrder: 0
  m_LocalEulerAnglesHint: {x: 0, y: 0, z: 0}
--- !u!1 &4934183518929961815
GameObject:
  m_ObjectHideFlags: 0
  m_CorrespondingSourceObject: {fileID: 0}
  m_PrefabInstance: {fileID: 0}
  m_PrefabAsset: {fileID: 0}
  serializedVersion: 6
  m_Component:
  - component: {fileID: 4930597968431084323}
  m_Layer: 12
  m_Name: Base Human001LPalm
  m_TagString: Untagged
  m_Icon: {fileID: 0}
  m_NavMeshLayer: 0
  m_StaticEditorFlags: 0
  m_IsActive: 1
--- !u!4 &4930597968431084323
Transform:
  m_ObjectHideFlags: 0
  m_CorrespondingSourceObject: {fileID: 0}
  m_PrefabInstance: {fileID: 0}
  m_PrefabAsset: {fileID: 0}
  m_GameObject: {fileID: 4934183518929961815}
  m_LocalRotation: {x: -0.7284958, y: -0.08201478, z: 0.06305302, w: 0.67719406}
  m_LocalPosition: {x: -0.27822828, y: -0.000000028610229, z: -0.000000114440915}
  m_LocalScale: {x: 1, y: 1, z: 1}
  m_Children:
  - {fileID: 4932028480120968123}
  - {fileID: 4932377086253897815}
  - {fileID: 4932236008796041961}
  - {fileID: 4930635567998661307}
  - {fileID: 4932073553914722495}
  m_Father: {fileID: 4930501158992893501}
  m_RootOrder: 0
  m_LocalEulerAnglesHint: {x: 0, y: 0, z: 0}
--- !u!1 &4934189089879927497
GameObject:
  m_ObjectHideFlags: 0
  m_CorrespondingSourceObject: {fileID: 0}
  m_PrefabInstance: {fileID: 0}
  m_PrefabAsset: {fileID: 0}
  serializedVersion: 6
  m_Component:
  - component: {fileID: 4930473917982875395}
  m_Layer: 12
  m_Name: Base Human001RDigit21
  m_TagString: Untagged
  m_Icon: {fileID: 0}
  m_NavMeshLayer: 0
  m_StaticEditorFlags: 0
  m_IsActive: 1
--- !u!4 &4930473917982875395
Transform:
  m_ObjectHideFlags: 0
  m_CorrespondingSourceObject: {fileID: 0}
  m_PrefabInstance: {fileID: 0}
  m_PrefabAsset: {fileID: 0}
  m_GameObject: {fileID: 4934189089879927497}
  m_LocalRotation: {x: 0.026083242, y: -0.061988737, z: 0.0006805528, w: 0.99773574}
  m_LocalPosition: {x: -0.09157264, y: 0.00074100494, z: -0.026892602}
  m_LocalScale: {x: 1.000001, y: 1, z: 0.999999}
  m_Children:
  - {fileID: 4930367073314302303}
  m_Father: {fileID: 4932198984718626425}
  m_RootOrder: 1
  m_LocalEulerAnglesHint: {x: 0, y: 0, z: 0}
--- !u!1 &4934189373612966637
GameObject:
  m_ObjectHideFlags: 0
  m_CorrespondingSourceObject: {fileID: 0}
  m_PrefabInstance: {fileID: 0}
  m_PrefabAsset: {fileID: 0}
  serializedVersion: 6
  m_Component:
  - component: {fileID: 4932344647068109637}
  m_Layer: 12
  m_Name: Base Human001RThigh
  m_TagString: Untagged
  m_Icon: {fileID: 0}
  m_NavMeshLayer: 0
  m_StaticEditorFlags: 0
  m_IsActive: 1
--- !u!4 &4932344647068109637
Transform:
  m_ObjectHideFlags: 0
  m_CorrespondingSourceObject: {fileID: 0}
  m_PrefabInstance: {fileID: 0}
  m_PrefabAsset: {fileID: 0}
  m_GameObject: {fileID: 4934189373612966637}
  m_LocalRotation: {x: 0.005942434, y: 0.9999648, z: 0.0049871034, w: 0.0032182161}
  m_LocalPosition: {x: -0.016830826, y: 0.0458911, z: -0.08598914}
  m_LocalScale: {x: 1, y: 1, z: 1}
  m_Children:
  - {fileID: 4930850257060971171}
  m_Father: {fileID: 4932335817277321075}
  m_RootOrder: 1
  m_LocalEulerAnglesHint: {x: 0, y: 0, z: 0}
--- !u!1 &4934190933083298245
GameObject:
  m_ObjectHideFlags: 0
  m_CorrespondingSourceObject: {fileID: 0}
  m_PrefabInstance: {fileID: 0}
  m_PrefabAsset: {fileID: 0}
  serializedVersion: 6
  m_Component:
  - component: {fileID: 4930765010612748869}
  m_Layer: 12
  m_Name: Base Human001RDigit41
  m_TagString: Untagged
  m_Icon: {fileID: 0}
  m_NavMeshLayer: 0
  m_StaticEditorFlags: 0
  m_IsActive: 1
--- !u!4 &4930765010612748869
Transform:
  m_ObjectHideFlags: 0
  m_CorrespondingSourceObject: {fileID: 0}
  m_PrefabInstance: {fileID: 0}
  m_PrefabAsset: {fileID: 0}
  m_GameObject: {fileID: 4934190933083298245}
  m_LocalRotation: {x: 0.039593134, y: -0.034300417, z: 0.022749143, w: 0.99836785}
  m_LocalPosition: {x: -0.093473054, y: 0.0028629685, z: 0.016420389}
  m_LocalScale: {x: 1.000001, y: 1, z: 0.999999}
  m_Children:
  - {fileID: 4930552043188122355}
  m_Father: {fileID: 4932198984718626425}
  m_RootOrder: 3
  m_LocalEulerAnglesHint: {x: 0, y: 0, z: 0}
--- !u!1 &4934191232595177673
GameObject:
  m_ObjectHideFlags: 0
  m_CorrespondingSourceObject: {fileID: 0}
  m_PrefabInstance: {fileID: 0}
  m_PrefabAsset: {fileID: 0}
  serializedVersion: 6
  m_Component:
  - component: {fileID: 4932377086253897815}
  m_Layer: 12
  m_Name: Base Human001LDigit21
  m_TagString: Untagged
  m_Icon: {fileID: 0}
  m_NavMeshLayer: 0
  m_StaticEditorFlags: 0
  m_IsActive: 1
--- !u!4 &4932377086253897815
Transform:
  m_ObjectHideFlags: 0
  m_CorrespondingSourceObject: {fileID: 0}
  m_PrefabInstance: {fileID: 0}
  m_PrefabAsset: {fileID: 0}
  m_GameObject: {fileID: 4934191232595177673}
  m_LocalRotation: {x: -0.026081933, y: 0.061989505, z: 0.0006786759, w: 0.99773574}
  m_LocalPosition: {x: -0.09136968, y: -0.00251976, z: 0.028569942}
  m_LocalScale: {x: 1, y: 1, z: 1}
  m_Children:
  - {fileID: 4930506470112469399}
  m_Father: {fileID: 4930597968431084323}
  m_RootOrder: 1
  m_LocalEulerAnglesHint: {x: 0, y: 0, z: 0}
--- !u!1 &4934212088366183705
GameObject:
  m_ObjectHideFlags: 0
  m_CorrespondingSourceObject: {fileID: 0}
  m_PrefabInstance: {fileID: 0}
  m_PrefabAsset: {fileID: 0}
  serializedVersion: 6
  m_Component:
  - component: {fileID: 4932370670056124887}
  m_Layer: 12
  m_Name: Base Human001LThigh
  m_TagString: Untagged
  m_Icon: {fileID: 0}
  m_NavMeshLayer: 0
  m_StaticEditorFlags: 0
  m_IsActive: 1
--- !u!4 &4932370670056124887
Transform:
  m_ObjectHideFlags: 0
  m_CorrespondingSourceObject: {fileID: 0}
  m_PrefabInstance: {fileID: 0}
  m_PrefabAsset: {fileID: 0}
  m_GameObject: {fileID: 4934212088366183705}
  m_LocalRotation: {x: 0.012952693, y: 0.9998466, z: -0.006669725, w: 0.009727645}
  m_LocalPosition: {x: -0.016831111, y: 0.04589109, z: 0.08598914}
  m_LocalScale: {x: 1, y: 1, z: 1}
  m_Children:
  - {fileID: 4932527962869387707}
  m_Father: {fileID: 4932335817277321075}
  m_RootOrder: 0
  m_LocalEulerAnglesHint: {x: 0, y: 0, z: 0}
--- !u!1 &4934239563385519259
GameObject:
  m_ObjectHideFlags: 0
  m_CorrespondingSourceObject: {fileID: 0}
  m_PrefabInstance: {fileID: 0}
  m_PrefabAsset: {fileID: 0}
  serializedVersion: 6
  m_Component:
  - component: {fileID: 4932142080547457983}
  m_Layer: 12
  m_Name: Base Human001RDigit43
  m_TagString: Untagged
  m_Icon: {fileID: 0}
  m_NavMeshLayer: 0
  m_StaticEditorFlags: 0
  m_IsActive: 1
--- !u!4 &4932142080547457983
Transform:
  m_ObjectHideFlags: 0
  m_CorrespondingSourceObject: {fileID: 0}
  m_PrefabInstance: {fileID: 0}
  m_PrefabAsset: {fileID: 0}
  m_GameObject: {fileID: 4934239563385519259}
  m_LocalRotation: {x: 0.00000045076052, y: 0.0000012151418, z: -0.0000004190953,
    w: 1}
  m_LocalPosition: {x: -0.02911457, y: -0.000000114440915, z: 0.00000007152557}
  m_LocalScale: {x: 1.000001, y: 1, z: 0.999999}
  m_Children: []
  m_Father: {fileID: 4930552043188122355}
  m_RootOrder: 0
  m_LocalEulerAnglesHint: {x: 0, y: 0, z: 0}
--- !u!1 &4934448786181438127
GameObject:
  m_ObjectHideFlags: 0
  m_CorrespondingSourceObject: {fileID: 0}
  m_PrefabInstance: {fileID: 0}
  m_PrefabAsset: {fileID: 0}
  serializedVersion: 6
  m_Component:
  - component: {fileID: 4930836441921618419}
  m_Layer: 12
  m_Name: Base Human001LUpperarm
  m_TagString: Untagged
  m_Icon: {fileID: 0}
  m_NavMeshLayer: 0
  m_StaticEditorFlags: 0
  m_IsActive: 1
--- !u!4 &4930836441921618419
Transform:
  m_ObjectHideFlags: 0
  m_CorrespondingSourceObject: {fileID: 0}
  m_PrefabInstance: {fileID: 0}
  m_PrefabAsset: {fileID: 0}
  m_GameObject: {fileID: 4934448786181438127}
  m_LocalRotation: {x: 0.006274465, y: 0.11335605, z: -0.17230295, w: 0.9784798}
  m_LocalPosition: {x: -0.17870153, y: -0.000000085830685, z: -0.000000114440915}
  m_LocalScale: {x: 1, y: 1, z: 1}
  m_Children:
  - {fileID: 4930501158992893501}
  m_Father: {fileID: 4930525124482425485}
  m_RootOrder: 0
  m_LocalEulerAnglesHint: {x: 0, y: 0, z: 0}
--- !u!1 &4934458011456871505
GameObject:
  m_ObjectHideFlags: 0
  m_CorrespondingSourceObject: {fileID: 0}
  m_PrefabInstance: {fileID: 0}
  m_PrefabAsset: {fileID: 0}
  serializedVersion: 6
  m_Component:
  - component: {fileID: 4932222799896811547}
  - component: {fileID: 5014655817304513443}
  m_Layer: 12
  m_Name: LFoot
  m_TagString: Untagged
  m_Icon: {fileID: 0}
  m_NavMeshLayer: 0
  m_StaticEditorFlags: 0
  m_IsActive: 1
--- !u!4 &4932222799896811547
Transform:
  m_ObjectHideFlags: 0
  m_CorrespondingSourceObject: {fileID: 0}
  m_PrefabInstance: {fileID: 0}
  m_PrefabAsset: {fileID: 0}
  m_GameObject: {fileID: 4934458011456871505}
  m_LocalRotation: {x: -0.7071068, y: 0, z: -0, w: 0.7071068}
  m_LocalPosition: {x: -0.11256945, y: 0.1839841, z: 0.022392225}
  m_LocalScale: {x: 1, y: 1, z: 1}
  m_Children: []
  m_Father: {fileID: 4932144613347176137}
  m_RootOrder: 6
  m_LocalEulerAnglesHint: {x: 0, y: 0, z: 0}
--- !u!137 &5014655817304513443
SkinnedMeshRenderer:
  m_ObjectHideFlags: 0
  m_CorrespondingSourceObject: {fileID: 0}
  m_PrefabInstance: {fileID: 0}
  m_PrefabAsset: {fileID: 0}
  m_GameObject: {fileID: 4934458011456871505}
  m_Enabled: 1
  m_CastShadows: 1
  m_ReceiveShadows: 1
  m_DynamicOccludee: 1
  m_MotionVectors: 1
  m_LightProbeUsage: 1
  m_ReflectionProbeUsage: 1
  m_RenderingLayerMask: 1
  m_RendererPriority: 0
  m_Materials:
  - {fileID: 2100000, guid: d81ab2128fd6c5f4d95678b9d9727239, type: 2}
  m_StaticBatchInfo:
    firstSubMesh: 0
    subMeshCount: 0
  m_StaticBatchRoot: {fileID: 0}
  m_ProbeAnchor: {fileID: 0}
  m_LightProbeVolumeOverride: {fileID: 0}
  m_ScaleInLightmap: 1
  m_PreserveUVs: 0
  m_IgnoreNormalsForChartDetection: 0
  m_ImportantGI: 0
  m_StitchLightmapSeams: 0
  m_SelectedEditorRenderState: 3
  m_MinimumChartSize: 4
  m_AutoUVMaxDistance: 0.5
  m_AutoUVMaxAngle: 89
  m_LightmapParameters: {fileID: 0}
  m_SortingLayerID: 0
  m_SortingLayer: 0
  m_SortingOrder: 0
  serializedVersion: 2
  m_Quality: 0
  m_UpdateWhenOffscreen: 0
  m_SkinnedMotionVectors: 1
  m_Mesh: {fileID: 4300020, guid: 67881c3bda223a241a81ca03fda3a623, type: 3}
  m_Bones:
  - {fileID: 4932527962869387707}
  - {fileID: 4932176738800667949}
  - {fileID: 4932561094403579827}
  - {fileID: 4932370670056124887}
  - {fileID: 4932335817277321075}
  - {fileID: 4930765286698668135}
  - {fileID: 4932344647068109637}
  - {fileID: 4930850257060971171}
  - {fileID: 4932274406038179869}
  - {fileID: 4930700112167231087}
  - {fileID: 4930803994638323559}
  - {fileID: 4932535164113993827}
  - {fileID: 4930862572109535553}
  - {fileID: 4930635644815775947}
  - {fileID: 4930525124482425485}
  - {fileID: 4930836441921618419}
  - {fileID: 4930501158992893501}
  - {fileID: 4930597968431084323}
  - {fileID: 4932028480120968123}
  - {fileID: 4930590596367923565}
  m_BlendShapeWeights: []
  m_RootBone: {fileID: 4932335817277321075}
  m_AABB:
    m_Center: {x: 0.7313007, y: 0.02273529, z: 0.11350412}
    m_Extent: {x: 0.21407801, y: 0.21370134, z: 0.10125264}
  m_DirtyAABB: 0
--- !u!1 &4934556519693634607
GameObject:
  m_ObjectHideFlags: 0
  m_CorrespondingSourceObject: {fileID: 0}
  m_PrefabInstance: {fileID: 0}
  m_PrefabAsset: {fileID: 0}
  serializedVersion: 6
  m_Component:
  - component: {fileID: 4930501158992893501}
  m_Layer: 12
  m_Name: Base Human001LForearm
  m_TagString: Untagged
  m_Icon: {fileID: 0}
  m_NavMeshLayer: 0
  m_StaticEditorFlags: 0
  m_IsActive: 1
--- !u!4 &4930501158992893501
Transform:
  m_ObjectHideFlags: 0
  m_CorrespondingSourceObject: {fileID: 0}
  m_PrefabInstance: {fileID: 0}
  m_PrefabAsset: {fileID: 0}
  m_GameObject: {fileID: 4934556519693634607}
  m_LocalRotation: {x: 0.07042893, y: -0.004164989, z: -0.09452528, w: 0.99301934}
  m_LocalPosition: {x: -0.2990833, y: 0.000000021457671, z: 0}
  m_LocalScale: {x: 1, y: 1, z: 1}
  m_Children:
  - {fileID: 4930597968431084323}
  m_Father: {fileID: 4930836441921618419}
  m_RootOrder: 0
  m_LocalEulerAnglesHint: {x: 0, y: 0, z: 0}
--- !u!1 &4934568297408302177
GameObject:
  m_ObjectHideFlags: 0
  m_CorrespondingSourceObject: {fileID: 0}
  m_PrefabInstance: {fileID: 0}
  m_PrefabAsset: {fileID: 0}
  serializedVersion: 6
  m_Component:
  - component: {fileID: 4932238169230799941}
  - component: {fileID: 5013990835119380985}
  m_Layer: 12
  m_Name: LKnee
  m_TagString: Untagged
  m_Icon: {fileID: 0}
  m_NavMeshLayer: 0
  m_StaticEditorFlags: 0
  m_IsActive: 1
--- !u!4 &4932238169230799941
Transform:
  m_ObjectHideFlags: 0
  m_CorrespondingSourceObject: {fileID: 0}
  m_PrefabInstance: {fileID: 0}
  m_PrefabAsset: {fileID: 0}
  m_GameObject: {fileID: 4934568297408302177}
  m_LocalRotation: {x: -0.7071068, y: 0, z: -0, w: 0.7071068}
  m_LocalPosition: {x: -0.10182094, y: 0.5294149, z: -0.032129154}
  m_LocalScale: {x: 1, y: 1, z: 1}
  m_Children: []
  m_Father: {fileID: 4932144613347176137}
  m_RootOrder: 8
  m_LocalEulerAnglesHint: {x: 0, y: 0, z: 0}
--- !u!137 &5013990835119380985
SkinnedMeshRenderer:
  m_ObjectHideFlags: 0
  m_CorrespondingSourceObject: {fileID: 0}
  m_PrefabInstance: {fileID: 0}
  m_PrefabAsset: {fileID: 0}
  m_GameObject: {fileID: 4934568297408302177}
  m_Enabled: 1
  m_CastShadows: 1
  m_ReceiveShadows: 1
  m_DynamicOccludee: 1
  m_MotionVectors: 1
  m_LightProbeUsage: 1
  m_ReflectionProbeUsage: 1
  m_RenderingLayerMask: 1
  m_RendererPriority: 0
  m_Materials:
  - {fileID: 2100000, guid: d81ab2128fd6c5f4d95678b9d9727239, type: 2}
  m_StaticBatchInfo:
    firstSubMesh: 0
    subMeshCount: 0
  m_StaticBatchRoot: {fileID: 0}
  m_ProbeAnchor: {fileID: 0}
  m_LightProbeVolumeOverride: {fileID: 0}
  m_ScaleInLightmap: 1
  m_PreserveUVs: 0
  m_IgnoreNormalsForChartDetection: 0
  m_ImportantGI: 0
  m_StitchLightmapSeams: 0
  m_SelectedEditorRenderState: 3
  m_MinimumChartSize: 4
  m_AutoUVMaxDistance: 0.5
  m_AutoUVMaxAngle: 89
  m_LightmapParameters: {fileID: 0}
  m_SortingLayerID: 0
  m_SortingLayer: 0
  m_SortingOrder: 0
  serializedVersion: 2
  m_Quality: 0
  m_UpdateWhenOffscreen: 0
  m_SkinnedMotionVectors: 1
  m_Mesh: {fileID: 4300018, guid: 67881c3bda223a241a81ca03fda3a623, type: 3}
  m_Bones:
  - {fileID: 4932370670056124887}
  - {fileID: 4932527962869387707}
  - {fileID: 4932335817277321075}
  - {fileID: 4930765286698668135}
  - {fileID: 4932176738800667949}
  - {fileID: 4932561094403579827}
  - {fileID: 4932344647068109637}
  - {fileID: 4930850257060971171}
  - {fileID: 4932274406038179869}
  - {fileID: 4930700112167231087}
  - {fileID: 4930803994638323559}
  - {fileID: 4932535164113993827}
  - {fileID: 4930862572109535553}
  - {fileID: 4930635644815775947}
  - {fileID: 4930525124482425485}
  - {fileID: 4930836441921618419}
  - {fileID: 4930501158992893501}
  - {fileID: 4930597968431084323}
  - {fileID: 4932028480120968123}
  - {fileID: 4930590596367923565}
  m_BlendShapeWeights: []
  m_RootBone: {fileID: 4932335817277321075}
  m_AABB:
    m_Center: {x: 0.389656, y: -0.0035752803, z: 0.102186576}
    m_Extent: {x: 0.20335549, y: 0.15447524, z: 0.08564748}
  m_DirtyAABB: 0
--- !u!1 &4934584381406818723
GameObject:
  m_ObjectHideFlags: 0
  m_CorrespondingSourceObject: {fileID: 0}
  m_PrefabInstance: {fileID: 0}
  m_PrefabAsset: {fileID: 0}
  serializedVersion: 6
  m_Component:
  - component: {fileID: 4930552043188122355}
  m_Layer: 12
  m_Name: Base Human001RDigit42
  m_TagString: Untagged
  m_Icon: {fileID: 0}
  m_NavMeshLayer: 0
  m_StaticEditorFlags: 0
  m_IsActive: 1
--- !u!4 &4930552043188122355
Transform:
  m_ObjectHideFlags: 0
  m_CorrespondingSourceObject: {fileID: 0}
  m_PrefabInstance: {fileID: 0}
  m_PrefabAsset: {fileID: 0}
  m_GameObject: {fileID: 4934584381406818723}
  m_LocalRotation: {x: -0.0000014605116, y: -0.00012016443, z: 0.00012235688, w: 1}
  m_LocalPosition: {x: -0.035302047, y: 0.000000114440915, z: 0.00000007867813}
  m_LocalScale: {x: 1.000001, y: 1, z: 0.999999}
  m_Children:
  - {fileID: 4932142080547457983}
  m_Father: {fileID: 4930765010612748869}
  m_RootOrder: 0
  m_LocalEulerAnglesHint: {x: 0, y: 0, z: 0}
--- !u!1 &4934626663432915827
GameObject:
  m_ObjectHideFlags: 0
  m_CorrespondingSourceObject: {fileID: 0}
  m_PrefabInstance: {fileID: 0}
  m_PrefabAsset: {fileID: 0}
  serializedVersion: 6
  m_Component:
  - component: {fileID: 4930853975015508389}
  - component: {fileID: 5013816504777565063}
  m_Layer: 12
  m_Name: RHand
  m_TagString: Untagged
  m_Icon: {fileID: 0}
  m_NavMeshLayer: 0
  m_StaticEditorFlags: 0
  m_IsActive: 1
--- !u!4 &4930853975015508389
Transform:
  m_ObjectHideFlags: 0
  m_CorrespondingSourceObject: {fileID: 0}
  m_PrefabInstance: {fileID: 0}
  m_PrefabAsset: {fileID: 0}
  m_GameObject: {fileID: 4934626663432915827}
  m_LocalRotation: {x: -0.7071068, y: 0, z: -0, w: 0.7071068}
  m_LocalPosition: {x: 0.75044554, y: 1.4648288, z: -0.047825668}
  m_LocalScale: {x: 1, y: 1, z: 1}
  m_Children: []
  m_Father: {fileID: 4932144613347176137}
  m_RootOrder: 12
  m_LocalEulerAnglesHint: {x: 0, y: 0, z: 0}
--- !u!137 &5013816504777565063
SkinnedMeshRenderer:
  m_ObjectHideFlags: 0
  m_CorrespondingSourceObject: {fileID: 0}
  m_PrefabInstance: {fileID: 0}
  m_PrefabAsset: {fileID: 0}
  m_GameObject: {fileID: 4934626663432915827}
  m_Enabled: 1
  m_CastShadows: 1
  m_ReceiveShadows: 1
  m_DynamicOccludee: 1
  m_MotionVectors: 1
  m_LightProbeUsage: 1
  m_ReflectionProbeUsage: 1
  m_RenderingLayerMask: 1
  m_RendererPriority: 0
  m_Materials:
  - {fileID: 2100000, guid: d81ab2128fd6c5f4d95678b9d9727239, type: 2}
  m_StaticBatchInfo:
    firstSubMesh: 0
    subMeshCount: 0
  m_StaticBatchRoot: {fileID: 0}
  m_ProbeAnchor: {fileID: 0}
  m_LightProbeVolumeOverride: {fileID: 0}
  m_ScaleInLightmap: 1
  m_PreserveUVs: 0
  m_IgnoreNormalsForChartDetection: 0
  m_ImportantGI: 0
  m_StitchLightmapSeams: 0
  m_SelectedEditorRenderState: 3
  m_MinimumChartSize: 4
  m_AutoUVMaxDistance: 0.5
  m_AutoUVMaxAngle: 89
  m_LightmapParameters: {fileID: 0}
  m_SortingLayerID: 0
  m_SortingLayer: 0
  m_SortingOrder: 0
  serializedVersion: 2
  m_Quality: 0
  m_UpdateWhenOffscreen: 0
  m_SkinnedMotionVectors: 1
  m_Mesh: {fileID: 4300014, guid: 67881c3bda223a241a81ca03fda3a623, type: 3}
  m_Bones:
  - {fileID: 4930375262892248739}
  - {fileID: 4932198984718626425}
  - {fileID: 4930376696183994593}
  - {fileID: 4930511776938157837}
  - {fileID: 4930739025472952827}
  - {fileID: 4930765010612748869}
  - {fileID: 4932522846311219653}
  - {fileID: 4930473917982875395}
  - {fileID: 4930767324044925811}
  - {fileID: 4932378604795694395}
  - {fileID: 4930552043188122355}
  - {fileID: 4930325963429874865}
  - {fileID: 4930367073314302303}
  - {fileID: 4932377221403803815}
  - {fileID: 4932142080547457983}
  - {fileID: 4930368641780919561}
  - {fileID: 4932060758585724253}
  - {fileID: 4930597968431084323}
  - {fileID: 4932028480120968123}
  - {fileID: 4930590596367923565}
  m_BlendShapeWeights: []
  m_RootBone: {fileID: 4930375262892248739}
  m_AABB:
    m_Center: {x: -0.27947333, y: 0.01756376, z: -0.02300752}
    m_Extent: {x: 0.20173663, y: 0.10630944, z: 0.09845445}
  m_DirtyAABB: 0
--- !u!1 &4934629073584770553
GameObject:
  m_ObjectHideFlags: 0
  m_CorrespondingSourceObject: {fileID: 0}
  m_PrefabInstance: {fileID: 0}
  m_PrefabAsset: {fileID: 0}
  serializedVersion: 6
  m_Component:
  - component: {fileID: 4932010521191633991}
  m_Layer: 12
  m_Name: Base Human001LDigit23
  m_TagString: Untagged
  m_Icon: {fileID: 0}
  m_NavMeshLayer: 0
  m_StaticEditorFlags: 0
  m_IsActive: 1
--- !u!4 &4932010521191633991
Transform:
  m_ObjectHideFlags: 0
  m_CorrespondingSourceObject: {fileID: 0}
  m_PrefabInstance: {fileID: 0}
  m_PrefabAsset: {fileID: 0}
  m_GameObject: {fileID: 4934629073584770553}
  m_LocalRotation: {x: 0.00000045832266, y: -0.0000003877445, z: 0.019284567, w: 0.99981403}
  m_LocalPosition: {x: -0.036634024, y: 0.000000114440915, z: -0.000000021457671}
  m_LocalScale: {x: 0.999999, y: 1, z: 1}
  m_Children: []
  m_Father: {fileID: 4930506470112469399}
  m_RootOrder: 0
  m_LocalEulerAnglesHint: {x: 0, y: 0, z: 0}
--- !u!1 &4934673004306619523
GameObject:
  m_ObjectHideFlags: 0
  m_CorrespondingSourceObject: {fileID: 0}
  m_PrefabInstance: {fileID: 0}
  m_PrefabAsset: {fileID: 0}
  serializedVersion: 6
  m_Component:
  - component: {fileID: 4932542161906028129}
  - component: {fileID: 5015416148598461783}
  m_Layer: 12
  m_Name: RKnee
  m_TagString: Untagged
  m_Icon: {fileID: 0}
  m_NavMeshLayer: 0
  m_StaticEditorFlags: 0
  m_IsActive: 1
--- !u!4 &4932542161906028129
Transform:
  m_ObjectHideFlags: 0
  m_CorrespondingSourceObject: {fileID: 0}
  m_PrefabInstance: {fileID: 0}
  m_PrefabAsset: {fileID: 0}
  m_GameObject: {fileID: 4934673004306619523}
  m_LocalRotation: {x: -0.7071068, y: 0, z: -0, w: 0.7071068}
  m_LocalPosition: {x: 0.08670461, y: 0.5205297, z: -0.03768054}
  m_LocalScale: {x: 1, y: 1, z: 1}
  m_Children: []
  m_Father: {fileID: 4932144613347176137}
  m_RootOrder: 13
  m_LocalEulerAnglesHint: {x: 0, y: 0, z: 0}
--- !u!137 &5015416148598461783
SkinnedMeshRenderer:
  m_ObjectHideFlags: 0
  m_CorrespondingSourceObject: {fileID: 0}
  m_PrefabInstance: {fileID: 0}
  m_PrefabAsset: {fileID: 0}
  m_GameObject: {fileID: 4934673004306619523}
  m_Enabled: 1
  m_CastShadows: 1
  m_ReceiveShadows: 1
  m_DynamicOccludee: 1
  m_MotionVectors: 1
  m_LightProbeUsage: 1
  m_ReflectionProbeUsage: 1
  m_RenderingLayerMask: 1
  m_RendererPriority: 0
  m_Materials:
  - {fileID: 2100000, guid: d81ab2128fd6c5f4d95678b9d9727239, type: 2}
  m_StaticBatchInfo:
    firstSubMesh: 0
    subMeshCount: 0
  m_StaticBatchRoot: {fileID: 0}
  m_ProbeAnchor: {fileID: 0}
  m_LightProbeVolumeOverride: {fileID: 0}
  m_ScaleInLightmap: 1
  m_PreserveUVs: 0
  m_IgnoreNormalsForChartDetection: 0
  m_ImportantGI: 0
  m_StitchLightmapSeams: 0
  m_SelectedEditorRenderState: 3
  m_MinimumChartSize: 4
  m_AutoUVMaxDistance: 0.5
  m_AutoUVMaxAngle: 89
  m_LightmapParameters: {fileID: 0}
  m_SortingLayerID: 0
  m_SortingLayer: 0
  m_SortingOrder: 0
  serializedVersion: 2
  m_Quality: 0
  m_UpdateWhenOffscreen: 0
  m_SkinnedMotionVectors: 1
  m_Mesh: {fileID: 4300016, guid: 67881c3bda223a241a81ca03fda3a623, type: 3}
  m_Bones:
  - {fileID: 4932344647068109637}
  - {fileID: 4930850257060971171}
  - {fileID: 4932527962869387707}
  - {fileID: 4932176738800667949}
  - {fileID: 4932561094403579827}
  - {fileID: 4932370670056124887}
  - {fileID: 4932335817277321075}
  - {fileID: 4930765286698668135}
  - {fileID: 4932274406038179869}
  - {fileID: 4930700112167231087}
  - {fileID: 4930803994638323559}
  - {fileID: 4932535164113993827}
  - {fileID: 4930862572109535553}
  - {fileID: 4930635644815775947}
  - {fileID: 4930525124482425485}
  - {fileID: 4930836441921618419}
  - {fileID: 4930501158992893501}
  - {fileID: 4930597968431084323}
  - {fileID: 4932028480120968123}
  - {fileID: 4930590596367923565}
  m_BlendShapeWeights: []
  m_RootBone: {fileID: 4932335817277321075}
  m_AABB:
    m_Center: {x: 0.4013196, y: -0.024840549, z: -0.08651534}
    m_Extent: {x: 0.21362069, y: 0.15695718, z: 0.0820604}
  m_DirtyAABB: 0
--- !u!1 &4934678406399816099
GameObject:
  m_ObjectHideFlags: 0
  m_CorrespondingSourceObject: {fileID: 0}
  m_PrefabInstance: {fileID: 0}
  m_PrefabAsset: {fileID: 0}
  serializedVersion: 6
  m_Component:
  - component: {fileID: 4932144613347176137}
  - component: {fileID: 4985209165157679401}
  - component: {fileID: 4935280497383281050}
  - component: {fileID: 4935280497383281051}
  - component: {fileID: 4935280497383281048}
  - component: {fileID: 4935280497383281049}
  m_Layer: 12
  m_Name: Zombie Guy 1D
  m_TagString: Enemy
  m_Icon: {fileID: 0}
  m_NavMeshLayer: 0
  m_StaticEditorFlags: 0
  m_IsActive: 0
--- !u!4 &4932144613347176137
Transform:
  m_ObjectHideFlags: 0
  m_CorrespondingSourceObject: {fileID: 0}
  m_PrefabInstance: {fileID: 0}
  m_PrefabAsset: {fileID: 0}
  m_GameObject: {fileID: 4934678406399816099}
  m_LocalRotation: {x: 0, y: 0, z: 0, w: 1}
  m_LocalPosition: {x: 0, y: 0, z: 0}
  m_LocalScale: {x: 1, y: 1, z: 1}
  m_Children:
  - {fileID: 4930765286698668135}
  - {fileID: 4932335817277321075}
  - {fileID: 4932411646794481109}
  - {fileID: 4932407780284621281}
  - {fileID: 4930607220210434759}
  - {fileID: 4932184044875453605}
  - {fileID: 4932222799896811547}
  - {fileID: 4930582844705867291}
  - {fileID: 4932238169230799941}
  - {fileID: 4930718417728705823}
  - {fileID: 4932266314906394635}
  - {fileID: 4930549507816094189}
  - {fileID: 4930853975015508389}
  - {fileID: 4932542161906028129}
  m_Father: {fileID: 0}
  m_RootOrder: 0
  m_LocalEulerAnglesHint: {x: 0, y: 0, z: 0}
--- !u!95 &4985209165157679401
Animator:
  serializedVersion: 3
  m_ObjectHideFlags: 0
  m_CorrespondingSourceObject: {fileID: 0}
  m_PrefabInstance: {fileID: 0}
  m_PrefabAsset: {fileID: 0}
  m_GameObject: {fileID: 4934678406399816099}
  m_Enabled: 1
  m_Avatar: {fileID: 9000000, guid: 67881c3bda223a241a81ca03fda3a623, type: 3}
  m_Controller: {fileID: 9100000, guid: e33b457d8e22bdd46b2eabde04ebaf44, type: 2}
  m_CullingMode: 1
  m_UpdateMode: 0
  m_ApplyRootMotion: 0
  m_LinearVelocityBlending: 0
  m_WarningMessage: 
  m_HasTransformHierarchy: 1
  m_AllowConstantClipSamplingOptimization: 1
  m_KeepAnimatorControllerStateOnDisable: 0
--- !u!135 &4935280497383281050
SphereCollider:
  m_ObjectHideFlags: 0
  m_CorrespondingSourceObject: {fileID: 0}
  m_PrefabInstance: {fileID: 0}
  m_PrefabAsset: {fileID: 0}
  m_GameObject: {fileID: 4934678406399816099}
  m_Material: {fileID: 0}
  m_IsTrigger: 0
  m_Enabled: 1
  serializedVersion: 2
  m_Radius: 0.09
  m_Center: {x: -0.01, y: 1.62, z: 0}
--- !u!143 &4935280497383281051
CharacterController:
  m_ObjectHideFlags: 0
  m_CorrespondingSourceObject: {fileID: 0}
  m_PrefabInstance: {fileID: 0}
  m_PrefabAsset: {fileID: 0}
  m_GameObject: {fileID: 4934678406399816099}
  m_Material: {fileID: 0}
  m_IsTrigger: 0
  m_Enabled: 1
  serializedVersion: 2
  m_Height: 1.65
  m_Radius: 0.25
  m_SlopeLimit: 45
  m_StepOffset: 0.3
  m_SkinWidth: 0.08
  m_MinMoveDistance: 0
  m_Center: {x: 0, y: 0.75, z: 0}
--- !u!114 &4935280497383281048
MonoBehaviour:
  m_ObjectHideFlags: 0
  m_CorrespondingSourceObject: {fileID: 0}
  m_PrefabInstance: {fileID: 0}
  m_PrefabAsset: {fileID: 0}
  m_GameObject: {fileID: 4934678406399816099}
  m_Enabled: 1
  m_EditorHideFlags: 0
  m_Script: {fileID: 11500000, guid: a92b2d23b48d2f149976cd99294fa207, type: 3}
  m_Name: 
  m_EditorClassIdentifier: 
  attackDistance: 2
  alertAttackDistance: 200
  followDistance: 500
  enemyCurrentState: 0
--- !u!195 &4935280497383281049
NavMeshAgent:
  m_ObjectHideFlags: 0
  m_CorrespondingSourceObject: {fileID: 0}
  m_PrefabInstance: {fileID: 0}
  m_PrefabAsset: {fileID: 0}
  m_GameObject: {fileID: 4934678406399816099}
  m_Enabled: 1
  m_AgentTypeID: 0
  m_Radius: 0.2
  m_Speed: 3.5
  m_Acceleration: 8
  avoidancePriority: 50
  m_AngularSpeed: 120
  m_StoppingDistance: 0
  m_AutoTraverseOffMeshLink: 1
  m_AutoBraking: 1
  m_AutoRepath: 1
  m_Height: 1.7
  m_BaseOffset: -0.09
  m_WalkableMask: 4294967295
  m_ObstacleAvoidanceType: 4
--- !u!1 &4934681582300052759
GameObject:
  m_ObjectHideFlags: 0
  m_CorrespondingSourceObject: {fileID: 0}
  m_PrefabInstance: {fileID: 0}
  m_PrefabAsset: {fileID: 0}
  serializedVersion: 6
  m_Component:
  - component: {fileID: 4932176738800667949}
  m_Layer: 12
  m_Name: Base Human001LFoot
  m_TagString: Untagged
  m_Icon: {fileID: 0}
  m_NavMeshLayer: 0
  m_StaticEditorFlags: 0
  m_IsActive: 1
--- !u!4 &4932176738800667949
Transform:
  m_ObjectHideFlags: 0
  m_CorrespondingSourceObject: {fileID: 0}
  m_PrefabInstance: {fileID: 0}
  m_PrefabAsset: {fileID: 0}
  m_GameObject: {fileID: 4934681582300052759}
  m_LocalRotation: {x: -0.064517714, y: -0.035303425, z: -0.7785128, w: 0.6233049}
  m_LocalPosition: {x: -0.46071538, y: 0, z: 0}
  m_LocalScale: {x: 1, y: 1, z: 1}
  m_Children:
  - {fileID: 4932561094403579827}
  m_Father: {fileID: 4932527962869387707}
  m_RootOrder: 0
  m_LocalEulerAnglesHint: {x: 0, y: 0, z: 0}
--- !u!1 &4934681773310446541
GameObject:
  m_ObjectHideFlags: 0
  m_CorrespondingSourceObject: {fileID: 0}
  m_PrefabInstance: {fileID: 0}
  m_PrefabAsset: {fileID: 0}
  serializedVersion: 6
  m_Component:
  - component: {fileID: 4932411646794481109}
  m_Layer: 12
  m_Name: Base Human001RPlatform
  m_TagString: Untagged
  m_Icon: {fileID: 0}
  m_NavMeshLayer: 0
  m_StaticEditorFlags: 0
  m_IsActive: 1
--- !u!4 &4932411646794481109
Transform:
  m_ObjectHideFlags: 0
  m_CorrespondingSourceObject: {fileID: 0}
  m_PrefabInstance: {fileID: 0}
  m_PrefabAsset: {fileID: 0}
  m_GameObject: {fileID: 4934681773310446541}
  m_LocalRotation: {x: 0.46579552, y: -0.46579546, z: -0.5320099, w: 0.53200996}
  m_LocalPosition: {x: 0.099479, y: 4.895236e-10, z: 0.016721811}
  m_LocalScale: {x: 1, y: 1, z: 1}
  m_Children: []
  m_Father: {fileID: 4932144613347176137}
  m_RootOrder: 2
  m_LocalEulerAnglesHint: {x: 0, y: 0, z: 0}
--- !u!1 &4934728512269251381
GameObject:
  m_ObjectHideFlags: 0
  m_CorrespondingSourceObject: {fileID: 0}
  m_PrefabInstance: {fileID: 0}
  m_PrefabAsset: {fileID: 0}
  serializedVersion: 6
  m_Component:
  - component: {fileID: 4930635644815775947}
  m_Layer: 12
  m_Name: Base Human001Ribcage
  m_TagString: Untagged
  m_Icon: {fileID: 0}
  m_NavMeshLayer: 0
  m_StaticEditorFlags: 0
  m_IsActive: 1
--- !u!4 &4930635644815775947
Transform:
  m_ObjectHideFlags: 0
  m_CorrespondingSourceObject: {fileID: 0}
  m_PrefabInstance: {fileID: 0}
  m_PrefabAsset: {fileID: 0}
  m_GameObject: {fileID: 4934728512269251381}
  m_LocalRotation: {x: -9.871206e-10, y: -0.000000011467285, z: -0.12805311, w: 0.99176735}
  m_LocalPosition: {x: -0.1941624, y: 0, z: 0}
  m_LocalScale: {x: 1, y: 1, z: 1}
  m_Children:
  - {fileID: 4930525124482425485}
  - {fileID: 4930619258072953227}
  - {fileID: 4932008281503991097}
  m_Father: {fileID: 4930862572109535553}
  m_RootOrder: 0
  m_LocalEulerAnglesHint: {x: 0, y: 0, z: 0}
--- !u!1 &4934732069040694997
GameObject:
  m_ObjectHideFlags: 0
  m_CorrespondingSourceObject: {fileID: 0}
  m_PrefabInstance: {fileID: 0}
  m_PrefabAsset: {fileID: 0}
  serializedVersion: 6
  m_Component:
  - component: {fileID: 4932198984718626425}
  m_Layer: 12
  m_Name: Base Human001RPalm
  m_TagString: Untagged
  m_Icon: {fileID: 0}
  m_NavMeshLayer: 0
  m_StaticEditorFlags: 0
  m_IsActive: 1
--- !u!4 &4932198984718626425
Transform:
  m_ObjectHideFlags: 0
  m_CorrespondingSourceObject: {fileID: 0}
  m_PrefabInstance: {fileID: 0}
  m_PrefabAsset: {fileID: 0}
  m_GameObject: {fileID: 4934732069040694997}
  m_LocalRotation: {x: 0.72836727, y: 0.1037446, z: 0.052416917, w: 0.675256}
  m_LocalPosition: {x: -0.27821594, y: -0.0000006866455, z: 0}
  m_LocalScale: {x: 1.000001, y: 1, z: 0.999999}
  m_Children:
  - {fileID: 4930376696183994593}
  - {fileID: 4930473917982875395}
  - {fileID: 4932522846311219653}
  - {fileID: 4930765010612748869}
  - {fileID: 4930739025472952827}
  m_Father: {fileID: 4930375262892248739}
  m_RootOrder: 0
  m_LocalEulerAnglesHint: {x: 0, y: 0, z: 0}
--- !u!1 &4934771530950873811
GameObject:
  m_ObjectHideFlags: 0
  m_CorrespondingSourceObject: {fileID: 0}
  m_PrefabInstance: {fileID: 0}
  m_PrefabAsset: {fileID: 0}
  serializedVersion: 6
  m_Component:
  - component: {fileID: 4932377221403803815}
  m_Layer: 12
  m_Name: Base Human001RDigit32
  m_TagString: Untagged
  m_Icon: {fileID: 0}
  m_NavMeshLayer: 0
  m_StaticEditorFlags: 0
  m_IsActive: 1
--- !u!4 &4932377221403803815
Transform:
  m_ObjectHideFlags: 0
  m_CorrespondingSourceObject: {fileID: 0}
  m_PrefabInstance: {fileID: 0}
  m_PrefabAsset: {fileID: 0}
  m_GameObject: {fileID: 4934771530950873811}
  m_LocalRotation: {x: 0.00000055879383, y: 0.0000011112995, z: -0.00000042840864,
    w: 1}
  m_LocalPosition: {x: -0.04398302, y: -0.000000114440915, z: 0.0000001001358}
  m_LocalScale: {x: 1.000001, y: 1, z: 0.999999}
  m_Children:
  - {fileID: 4932060758585724253}
  m_Father: {fileID: 4932522846311219653}
  m_RootOrder: 0
  m_LocalEulerAnglesHint: {x: 0, y: 0, z: 0}
--- !u!1 &4934778036287567251
GameObject:
  m_ObjectHideFlags: 0
  m_CorrespondingSourceObject: {fileID: 0}
  m_PrefabInstance: {fileID: 0}
  m_PrefabAsset: {fileID: 0}
  serializedVersion: 6
  m_Component:
  - component: {fileID: 4930798417321362121}
  m_Layer: 12
  m_Name: Base Human001Head
  m_TagString: Untagged
  m_Icon: {fileID: 0}
  m_NavMeshLayer: 0
  m_StaticEditorFlags: 0
  m_IsActive: 1
--- !u!4 &4930798417321362121
Transform:
  m_ObjectHideFlags: 0
  m_CorrespondingSourceObject: {fileID: 0}
  m_PrefabInstance: {fileID: 0}
  m_PrefabAsset: {fileID: 0}
  m_GameObject: {fileID: 4934778036287567251}
  m_LocalRotation: {x: -1.7519548e-14, y: 0.00000003745361, z: 0.24804455, w: 0.9687486}
  m_LocalPosition: {x: -0.13016476, y: 0, z: 0}
  m_LocalScale: {x: 1, y: 1, z: 1}
  m_Children: []
  m_Father: {fileID: 4930619258072953227}
  m_RootOrder: 0
  m_LocalEulerAnglesHint: {x: 0, y: 0, z: 0}
--- !u!1 &4934792307738714275
GameObject:
  m_ObjectHideFlags: 0
  m_CorrespondingSourceObject: {fileID: 0}
  m_PrefabInstance: {fileID: 0}
  m_PrefabAsset: {fileID: 0}
  serializedVersion: 6
  m_Component:
  - component: {fileID: 4932387337456502113}
  m_Layer: 12
  m_Name: Base Human001RUpperarm
  m_TagString: Untagged
  m_Icon: {fileID: 0}
  m_NavMeshLayer: 0
  m_StaticEditorFlags: 0
  m_IsActive: 1
--- !u!4 &4932387337456502113
Transform:
  m_ObjectHideFlags: 0
  m_CorrespondingSourceObject: {fileID: 0}
  m_PrefabInstance: {fileID: 0}
  m_PrefabAsset: {fileID: 0}
  m_GameObject: {fileID: 4934792307738714275}
  m_LocalRotation: {x: -0.01613422, y: -0.13021098, z: -0.13555598, w: 0.9820435}
  m_LocalPosition: {x: -0.18070085, y: 0.000000057220458, z: -0.000000114440915}
  m_LocalScale: {x: 1, y: 1, z: 1}
  m_Children:
  - {fileID: 4930375262892248739}
  m_Father: {fileID: 4932008281503991097}
  m_RootOrder: 0
  m_LocalEulerAnglesHint: {x: 0, y: 0, z: 0}
--- !u!1 &4934793174682712479
GameObject:
  m_ObjectHideFlags: 0
  m_CorrespondingSourceObject: {fileID: 0}
  m_PrefabInstance: {fileID: 0}
  m_PrefabAsset: {fileID: 0}
  serializedVersion: 6
  m_Component:
  - component: {fileID: 4932008281503991097}
  m_Layer: 12
  m_Name: Base Human001RCollarbone
  m_TagString: Untagged
  m_Icon: {fileID: 0}
  m_NavMeshLayer: 0
  m_StaticEditorFlags: 0
  m_IsActive: 1
--- !u!4 &4932008281503991097
Transform:
  m_ObjectHideFlags: 0
  m_CorrespondingSourceObject: {fileID: 0}
  m_PrefabInstance: {fileID: 0}
  m_PrefabAsset: {fileID: 0}
  m_GameObject: {fileID: 4934793174682712479}
  m_LocalRotation: {x: -0.10227624, y: -0.63459134, z: 0.16282329, w: 0.7485466}
  m_LocalPosition: {x: 0.02657341, y: 0.0868151, z: -0.015056415}
  m_LocalScale: {x: 1, y: 1, z: 1}
  m_Children:
  - {fileID: 4932387337456502113}
  m_Father: {fileID: 4930635644815775947}
  m_RootOrder: 2
  m_LocalEulerAnglesHint: {x: 0, y: 0, z: 0}
--- !u!1 &4934799025206936639
GameObject:
  m_ObjectHideFlags: 0
  m_CorrespondingSourceObject: {fileID: 0}
  m_PrefabInstance: {fileID: 0}
  m_PrefabAsset: {fileID: 0}
  serializedVersion: 6
  m_Component:
  - component: {fileID: 4932535164113993827}
  m_Layer: 12
  m_Name: Base Human001Spine2
  m_TagString: Untagged
  m_Icon: {fileID: 0}
  m_NavMeshLayer: 0
  m_StaticEditorFlags: 0
  m_IsActive: 1
--- !u!4 &4932535164113993827
Transform:
  m_ObjectHideFlags: 0
  m_CorrespondingSourceObject: {fileID: 0}
  m_PrefabInstance: {fileID: 0}
  m_PrefabAsset: {fileID: 0}
  m_GameObject: {fileID: 4934799025206936639}
  m_LocalRotation: {x: -0.000000007443419, y: 0.000000024838084, z: 0.15593572, w: 0.9877672}
  m_LocalPosition: {x: -0.21209764, y: 0.000000014305114, z: 0}
  m_LocalScale: {x: 1, y: 1, z: 1}
  m_Children:
  - {fileID: 4930862572109535553}
  m_Father: {fileID: 4930803994638323559}
  m_RootOrder: 0
  m_LocalEulerAnglesHint: {x: 0, y: 0, z: 0}
--- !u!1 &4934804316803704313
GameObject:
  m_ObjectHideFlags: 0
  m_CorrespondingSourceObject: {fileID: 0}
  m_PrefabInstance: {fileID: 0}
  m_PrefabAsset: {fileID: 0}
  serializedVersion: 6
  m_Component:
  - component: {fileID: 4930511776938157837}
  m_Layer: 12
  m_Name: Base Human001RDigit12
  m_TagString: Untagged
  m_Icon: {fileID: 0}
  m_NavMeshLayer: 0
  m_StaticEditorFlags: 0
  m_IsActive: 1
--- !u!4 &4930511776938157837
Transform:
  m_ObjectHideFlags: 0
  m_CorrespondingSourceObject: {fileID: 0}
  m_PrefabInstance: {fileID: 0}
  m_PrefabAsset: {fileID: 0}
  m_GameObject: {fileID: 4934804316803704313}
  m_LocalRotation: {x: 0.000000089407024, y: 0.0000001341107, z: 0.00000049173906,
    w: 1}
  m_LocalPosition: {x: -0.03866621, y: -0.000000114440915, z: -0.00000022888183}
  m_LocalScale: {x: 0.999998, y: 0.999999, z: 1.000003}
  m_Children:
  - {fileID: 4932378604795694395}
  m_Father: {fileID: 4930376696183994593}
  m_RootOrder: 0
  m_LocalEulerAnglesHint: {x: 0, y: 0, z: 0}
--- !u!1 &4935383330595355713
GameObject:
  m_ObjectHideFlags: 0
  m_CorrespondingSourceObject: {fileID: 0}
  m_PrefabInstance: {fileID: 0}
  m_PrefabAsset: {fileID: 0}
  serializedVersion: 6
  m_Component:
  - component: {fileID: 4930506470112469399}
  m_Layer: 12
  m_Name: Base Human001LDigit22
  m_TagString: Untagged
  m_Icon: {fileID: 0}
  m_NavMeshLayer: 0
  m_StaticEditorFlags: 0
  m_IsActive: 1
--- !u!4 &4930506470112469399
Transform:
  m_ObjectHideFlags: 0
  m_CorrespondingSourceObject: {fileID: 0}
  m_PrefabInstance: {fileID: 0}
  m_PrefabAsset: {fileID: 0}
  m_GameObject: {fileID: 4935383330595355713}
  m_LocalRotation: {x: 0.00000047287097, y: -0.0000003692996, z: 0.019284552, w: 0.99981403}
  m_LocalPosition: {x: -0.035228405, y: 0.000000114440915, z: -0.000000021457671}
  m_LocalScale: {x: 0.999999, y: 1, z: 1}
  m_Children:
  - {fileID: 4932010521191633991}
  m_Father: {fileID: 4932377086253897815}
  m_RootOrder: 0
  m_LocalEulerAnglesHint: {x: 0, y: 0, z: 0}
--- !u!1 &4935406239044787935
GameObject:
  m_ObjectHideFlags: 0
  m_CorrespondingSourceObject: {fileID: 0}
  m_PrefabInstance: {fileID: 0}
  m_PrefabAsset: {fileID: 0}
  serializedVersion: 6
  m_Component:
  - component: {fileID: 4932522846311219653}
  m_Layer: 12
  m_Name: Base Human001RDigit31
  m_TagString: Untagged
  m_Icon: {fileID: 0}
  m_NavMeshLayer: 0
  m_StaticEditorFlags: 0
  m_IsActive: 1
--- !u!4 &4932522846311219653
Transform:
  m_ObjectHideFlags: 0
  m_CorrespondingSourceObject: {fileID: 0}
  m_PrefabInstance: {fileID: 0}
  m_PrefabAsset: {fileID: 0}
  m_GameObject: {fileID: 4935406239044787935}
  m_LocalRotation: {x: 0.013116716, y: -0.04159661, z: 0.043577924, w: 0.99809754}
  m_LocalPosition: {x: -0.09214307, y: 0.006884193, z: -0.005239888}
  m_LocalScale: {x: 1.000001, y: 1, z: 0.999999}
  m_Children:
  - {fileID: 4932377221403803815}
  m_Father: {fileID: 4932198984718626425}
  m_RootOrder: 2
  m_LocalEulerAnglesHint: {x: 0, y: 0, z: 0}
--- !u!1 &4935416942777321475
GameObject:
  m_ObjectHideFlags: 0
  m_CorrespondingSourceObject: {fileID: 0}
  m_PrefabInstance: {fileID: 0}
  m_PrefabAsset: {fileID: 0}
  serializedVersion: 6
  m_Component:
  - component: {fileID: 4930582844705867291}
  - component: {fileID: 5013933490966401101}
  m_Layer: 12
  m_Name: LHand
  m_TagString: Untagged
  m_Icon: {fileID: 0}
  m_NavMeshLayer: 0
  m_StaticEditorFlags: 0
  m_IsActive: 1
--- !u!4 &4930582844705867291
Transform:
  m_ObjectHideFlags: 0
  m_CorrespondingSourceObject: {fileID: 0}
  m_PrefabInstance: {fileID: 0}
  m_PrefabAsset: {fileID: 0}
  m_GameObject: {fileID: 4935416942777321475}
  m_LocalRotation: {x: -0.7071068, y: 0, z: -0, w: 0.7071068}
  m_LocalPosition: {x: -0.75730145, y: 1.4857213, z: -0.017151581}
  m_LocalScale: {x: 1, y: 1, z: 1}
  m_Children: []
  m_Father: {fileID: 4932144613347176137}
  m_RootOrder: 7
  m_LocalEulerAnglesHint: {x: 0, y: 0, z: 0}
--- !u!137 &5013933490966401101
SkinnedMeshRenderer:
  m_ObjectHideFlags: 0
  m_CorrespondingSourceObject: {fileID: 0}
  m_PrefabInstance: {fileID: 0}
  m_PrefabAsset: {fileID: 0}
  m_GameObject: {fileID: 4935416942777321475}
  m_Enabled: 1
  m_CastShadows: 1
  m_ReceiveShadows: 1
  m_DynamicOccludee: 1
  m_MotionVectors: 1
  m_LightProbeUsage: 1
  m_ReflectionProbeUsage: 1
  m_RenderingLayerMask: 1
  m_RendererPriority: 0
  m_Materials:
  - {fileID: 2100000, guid: d81ab2128fd6c5f4d95678b9d9727239, type: 2}
  m_StaticBatchInfo:
    firstSubMesh: 0
    subMeshCount: 0
  m_StaticBatchRoot: {fileID: 0}
  m_ProbeAnchor: {fileID: 0}
  m_LightProbeVolumeOverride: {fileID: 0}
  m_ScaleInLightmap: 1
  m_PreserveUVs: 0
  m_IgnoreNormalsForChartDetection: 0
  m_ImportantGI: 0
  m_StitchLightmapSeams: 0
  m_SelectedEditorRenderState: 3
  m_MinimumChartSize: 4
  m_AutoUVMaxDistance: 0.5
  m_AutoUVMaxAngle: 89
  m_LightmapParameters: {fileID: 0}
  m_SortingLayerID: 0
  m_SortingLayer: 0
  m_SortingOrder: 0
  serializedVersion: 2
  m_Quality: 0
  m_UpdateWhenOffscreen: 0
  m_SkinnedMotionVectors: 1
  m_Mesh: {fileID: 4300012, guid: 67881c3bda223a241a81ca03fda3a623, type: 3}
  m_Bones:
  - {fileID: 4930501158992893501}
  - {fileID: 4930597968431084323}
  - {fileID: 4932028480120968123}
  - {fileID: 4930590596367923565}
  - {fileID: 4932073553914722495}
  - {fileID: 4930635567998661307}
  - {fileID: 4932236008796041961}
  - {fileID: 4932377086253897815}
  - {fileID: 4932188523687778797}
  - {fileID: 4930762981383002369}
  - {fileID: 4932457145470921501}
  - {fileID: 4932419008743492715}
  - {fileID: 4932306065914294175}
  - {fileID: 4930506470112469399}
  - {fileID: 4930676168299303459}
  - {fileID: 4932035516441086593}
  - {fileID: 4932010521191633991}
  - {fileID: 4932527962869387707}
  - {fileID: 4932561094403579827}
  - {fileID: 4930803994638323559}
  - {fileID: 4932344647068109637}
  - {fileID: 4932176738800667949}
  - {fileID: 4930635644815775947}
  - {fileID: 4930862572109535553}
  - {fileID: 4930836441921618419}
  - {fileID: 4930850257060971171}
  - {fileID: 4932370670056124887}
  - {fileID: 4930525124482425485}
  - {fileID: 4930700112167231087}
  - {fileID: 4932274406038179869}
  - {fileID: 4932535164113993827}
  m_BlendShapeWeights: []
  m_RootBone: {fileID: 4930803994638323559}
  m_AABB:
    m_Center: {x: -0.5228612, y: -0.05290813, z: 0.74958897}
    m_Extent: {x: 0.10344863, y: 0.12246119, z: 0.20825976}
  m_DirtyAABB: 0
--- !u!1 &4935450419977658705
GameObject:
  m_ObjectHideFlags: 0
  m_CorrespondingSourceObject: {fileID: 0}
  m_PrefabInstance: {fileID: 0}
  m_PrefabAsset: {fileID: 0}
  serializedVersion: 6
  m_Component:
  - component: {fileID: 4930676168299303459}
  m_Layer: 12
  m_Name: Base Human001LDigit43
  m_TagString: Untagged
  m_Icon: {fileID: 0}
  m_NavMeshLayer: 0
  m_StaticEditorFlags: 0
  m_IsActive: 1
--- !u!4 &4930676168299303459
Transform:
  m_ObjectHideFlags: 0
  m_CorrespondingSourceObject: {fileID: 0}
  m_PrefabInstance: {fileID: 0}
  m_PrefabAsset: {fileID: 0}
  m_GameObject: {fileID: 4935450419977658705}
  m_LocalRotation: {x: 0.00000063329827, y: -0.00000047823573, z: -0.0000020824382,
    w: 1}
  m_LocalPosition: {x: -0.029114513, y: 0.000000114440915, z: -0.000000035762785}
  m_LocalScale: {x: 0.999999, y: 1, z: 1}
  m_Children: []
  m_Father: {fileID: 4932457145470921501}
  m_RootOrder: 0
  m_LocalEulerAnglesHint: {x: 0, y: 0, z: 0}
--- !u!1 &4935452019590170541
GameObject:
  m_ObjectHideFlags: 0
  m_CorrespondingSourceObject: {fileID: 0}
  m_PrefabInstance: {fileID: 0}
  m_PrefabAsset: {fileID: 0}
  serializedVersion: 6
  m_Component:
  - component: {fileID: 4932028480120968123}
  m_Layer: 12
  m_Name: Base Human001LDigit11 1
  m_TagString: Untagged
  m_Icon: {fileID: 0}
  m_NavMeshLayer: 0
  m_StaticEditorFlags: 0
  m_IsActive: 1
--- !u!4 &4932028480120968123
Transform:
  m_ObjectHideFlags: 0
  m_CorrespondingSourceObject: {fileID: 0}
  m_PrefabInstance: {fileID: 0}
  m_PrefabAsset: {fileID: 0}
  m_GameObject: {fileID: 4935452019590170541}
  m_LocalRotation: {x: 0.30583236, y: 0.3444311, z: 0.17991619, w: 0.8691743}
  m_LocalPosition: {x: -0.024060916, y: -0.008625411, z: 0.03212386}
  m_LocalScale: {x: 0.999995, y: 1.000002, z: 1.000002}
  m_Children:
  - {fileID: 4930590596367923565}
  m_Father: {fileID: 4930597968431084323}
  m_RootOrder: 0
  m_LocalEulerAnglesHint: {x: 0, y: 0, z: 0}
--- !u!1 &4935471254324325845
GameObject:
  m_ObjectHideFlags: 0
  m_CorrespondingSourceObject: {fileID: 0}
  m_PrefabInstance: {fileID: 0}
  m_PrefabAsset: {fileID: 0}
  serializedVersion: 6
  m_Component:
  - component: {fileID: 4932073553914722495}
  m_Layer: 12
  m_Name: Base Human001LDigit51
  m_TagString: Untagged
  m_Icon: {fileID: 0}
  m_NavMeshLayer: 0
  m_StaticEditorFlags: 0
  m_IsActive: 1
--- !u!4 &4932073553914722495
Transform:
  m_ObjectHideFlags: 0
  m_CorrespondingSourceObject: {fileID: 0}
  m_PrefabInstance: {fileID: 0}
  m_PrefabAsset: {fileID: 0}
  m_GameObject: {fileID: 4935471254324325845}
  m_LocalRotation: {x: -0.07790036, y: 0.01016908, z: 0.03376146, w: 0.9963375}
  m_LocalPosition: {x: -0.08635368, y: -0.006372986, z: -0.039115928}
  m_LocalScale: {x: 0.999999, y: 1, z: 1}
  m_Children:
  - {fileID: 4932188523687778797}
  m_Father: {fileID: 4930597968431084323}
  m_RootOrder: 4
  m_LocalEulerAnglesHint: {x: 0, y: 0, z: 0}
--- !u!1 &4935473900556574797
GameObject:
  m_ObjectHideFlags: 0
  m_CorrespondingSourceObject: {fileID: 0}
  m_PrefabInstance: {fileID: 0}
  m_PrefabAsset: {fileID: 0}
  serializedVersion: 6
  m_Component:
  - component: {fileID: 4932457145470921501}
  m_Layer: 12
  m_Name: Base Human001LDigit42
  m_TagString: Untagged
  m_Icon: {fileID: 0}
  m_NavMeshLayer: 0
  m_StaticEditorFlags: 0
  m_IsActive: 1
--- !u!4 &4932457145470921501
Transform:
  m_ObjectHideFlags: 0
  m_CorrespondingSourceObject: {fileID: 0}
  m_PrefabInstance: {fileID: 0}
  m_PrefabAsset: {fileID: 0}
  m_GameObject: {fileID: 4935473900556574797}
  m_LocalRotation: {x: 0.0000025484073, y: 0.00012090303, z: 0.00012069171, w: 1}
  m_LocalPosition: {x: -0.035301875, y: 0.00000022888183, z: -0.000000028610229}
  m_LocalScale: {x: 1, y: 1, z: 1}
  m_Children:
  - {fileID: 4930676168299303459}
  m_Father: {fileID: 4930635567998661307}
  m_RootOrder: 0
  m_LocalEulerAnglesHint: {x: 0, y: 0, z: 0}
--- !u!1 &4935476103717430151
GameObject:
  m_ObjectHideFlags: 0
  m_CorrespondingSourceObject: {fileID: 0}
  m_PrefabInstance: {fileID: 0}
  m_PrefabAsset: {fileID: 0}
  serializedVersion: 6
  m_Component:
  - component: {fileID: 4932274406038179869}
  m_Layer: 12
  m_Name: Base Human001RFoot
  m_TagString: Untagged
  m_Icon: {fileID: 0}
  m_NavMeshLayer: 0
  m_StaticEditorFlags: 0
  m_IsActive: 1
--- !u!4 &4932274406038179869
Transform:
  m_ObjectHideFlags: 0
  m_CorrespondingSourceObject: {fileID: 0}
  m_PrefabInstance: {fileID: 0}
  m_PrefabAsset: {fileID: 0}
  m_GameObject: {fileID: 4935476103717430151}
  m_LocalRotation: {x: 0.055789083, y: 0.044503603, z: -0.7812535, w: 0.62012094}
  m_LocalPosition: {x: -0.46089837, y: 0, z: 0.000000028610229}
  m_LocalScale: {x: 1, y: 1, z: 1}
  m_Children:
  - {fileID: 4930700112167231087}
  m_Father: {fileID: 4930850257060971171}
  m_RootOrder: 0
  m_LocalEulerAnglesHint: {x: 0, y: 0, z: 0}
