%YAML 1.1
%TAG !u! tag:unity3d.com,2011:
--- !u!1 &632970654798085793
GameObject:
  m_ObjectHideFlags: 0
  m_CorrespondingSourceObject: {fileID: 0}
  m_PrefabInstance: {fileID: 0}
  m_PrefabAsset: {fileID: 0}
  serializedVersion: 6
  m_Component:
  - component: {fileID: 1095154239386690395}
  m_Layer: 12
  m_Name: Base Human001LFoot
  m_TagString: Untagged
  m_Icon: {fileID: 0}
  m_NavMeshLayer: 0
  m_StaticEditorFlags: 0
  m_IsActive: 1
--- !u!4 &1095154239386690395
Transform:
  m_ObjectHideFlags: 0
  m_CorrespondingSourceObject: {fileID: 0}
  m_PrefabInstance: {fileID: 0}
  m_PrefabAsset: {fileID: 0}
  m_GameObject: {fileID: 632970654798085793}
  m_LocalRotation: {x: -0.004241585, y: -0.0044840453, z: -0.7641572, w: 0.6450005}
  m_LocalPosition: {x: -0.4832203, y: 0.000000007152557, z: 0}
  m_LocalScale: {x: 1.000009, y: 0.999991, z: 1}
  m_Children:
  - {fileID: 4101478100413214247}
  m_Father: {fileID: 711530017994921872}
  m_RootOrder: 0
  m_LocalEulerAnglesHint: {x: 0, y: 0, z: 0}
--- !u!1 &715201450991009088
GameObject:
  m_ObjectHideFlags: 0
  m_CorrespondingSourceObject: {fileID: 0}
  m_PrefabInstance: {fileID: 0}
  m_PrefabAsset: {fileID: 0}
  serializedVersion: 6
  m_Component:
  - component: {fileID: 7906977631723909708}
  m_Layer: 12
  m_Name: Base Human001RDigit43
  m_TagString: Untagged
  m_Icon: {fileID: 0}
  m_NavMeshLayer: 0
  m_StaticEditorFlags: 0
  m_IsActive: 1
--- !u!4 &7906977631723909708
Transform:
  m_ObjectHideFlags: 0
  m_CorrespondingSourceObject: {fileID: 0}
  m_PrefabInstance: {fileID: 0}
  m_PrefabAsset: {fileID: 0}
  m_GameObject: {fileID: 715201450991009088}
  m_LocalRotation: {x: 0.000000048428834, y: -0.000000008381918, z: 0.000000022351784,
    w: 1}
  m_LocalPosition: {x: -0.022846928, y: -0.000000114440915, z: 0.000000028610229}
  m_LocalScale: {x: 0.999998, y: 0.999999, z: 1.000002}
  m_Children: []
  m_Father: {fileID: 5427225088085128894}
  m_RootOrder: 0
  m_LocalEulerAnglesHint: {x: 0, y: 0, z: 0}
--- !u!1 &741290737919349985
GameObject:
  m_ObjectHideFlags: 0
  m_CorrespondingSourceObject: {fileID: 0}
  m_PrefabInstance: {fileID: 0}
  m_PrefabAsset: {fileID: 0}
  serializedVersion: 6
  m_Component:
  - component: {fileID: 9021483551521599682}
  m_Layer: 12
  m_Name: Base Human001RDigit41
  m_TagString: Untagged
  m_Icon: {fileID: 0}
  m_NavMeshLayer: 0
  m_StaticEditorFlags: 0
  m_IsActive: 1
--- !u!4 &9021483551521599682
Transform:
  m_ObjectHideFlags: 0
  m_CorrespondingSourceObject: {fileID: 0}
  m_PrefabInstance: {fileID: 0}
  m_PrefabAsset: {fileID: 0}
  m_GameObject: {fileID: 741290737919349985}
  m_LocalRotation: {x: 0.043232903, y: 0.0058103185, z: 0.13027534, w: 0.9905178}
  m_LocalPosition: {x: -0.10133709, y: -0.002855873, z: 0.012790314}
  m_LocalScale: {x: 1.000002, y: 0.999999, z: 0.999998}
  m_Children:
  - {fileID: 5427225088085128894}
  m_Father: {fileID: 2525430419003993437}
  m_RootOrder: 3
  m_LocalEulerAnglesHint: {x: 0, y: 0, z: 0}
--- !u!1 &750490545876457945
GameObject:
  m_ObjectHideFlags: 0
  m_CorrespondingSourceObject: {fileID: 0}
  m_PrefabInstance: {fileID: 0}
  m_PrefabAsset: {fileID: 0}
  serializedVersion: 6
  m_Component:
  - component: {fileID: 1780624414539254708}
  m_Layer: 12
  m_Name: Base Human001LDigit11
  m_TagString: Untagged
  m_Icon: {fileID: 0}
  m_NavMeshLayer: 0
  m_StaticEditorFlags: 0
  m_IsActive: 1
--- !u!4 &1780624414539254708
Transform:
  m_ObjectHideFlags: 0
  m_CorrespondingSourceObject: {fileID: 0}
  m_PrefabInstance: {fileID: 0}
  m_PrefabAsset: {fileID: 0}
  m_GameObject: {fileID: 750490545876457945}
  m_LocalRotation: {x: 0.3058304, y: 0.34443158, z: 0.17991893, w: 0.8691743}
  m_LocalPosition: {x: -0.024551524, y: 0.0013585282, z: 0.037392076}
  m_LocalScale: {x: 0.999999, y: 1.000001, z: 0.999999}
  m_Children:
  - {fileID: 3110143633865543762}
  m_Father: {fileID: 3021188651782433131}
  m_RootOrder: 0
  m_LocalEulerAnglesHint: {x: 0, y: 0, z: 0}
--- !u!1 &759512576416731824
GameObject:
  m_ObjectHideFlags: 0
  m_CorrespondingSourceObject: {fileID: 0}
  m_PrefabInstance: {fileID: 0}
  m_PrefabAsset: {fileID: 0}
  serializedVersion: 6
  m_Component:
  - component: {fileID: 2247009165191123350}
  m_Layer: 12
  m_Name: Base Human001Ribcage
  m_TagString: Untagged
  m_Icon: {fileID: 0}
  m_NavMeshLayer: 0
  m_StaticEditorFlags: 0
  m_IsActive: 1
--- !u!4 &2247009165191123350
Transform:
  m_ObjectHideFlags: 0
  m_CorrespondingSourceObject: {fileID: 0}
  m_PrefabInstance: {fileID: 0}
  m_PrefabAsset: {fileID: 0}
  m_GameObject: {fileID: 759512576416731824}
  m_LocalRotation: {x: -1.1845559e-10, y: -0.00000002146755, z: -0.09577221, w: 0.9954033}
  m_LocalPosition: {x: -0.15705769, y: 0.000000014305114, z: 1.0913936e-13}
  m_LocalScale: {x: 1, y: 0.999999, z: 1}
  m_Children:
  - {fileID: 1973643020218283013}
  - {fileID: 9175179793603625471}
  - {fileID: 5309304119755557892}
  m_Father: {fileID: 293733410022217773}
  m_RootOrder: 0
  m_LocalEulerAnglesHint: {x: 0, y: 0, z: 0}
--- !u!1 &1091608296591116840
GameObject:
  m_ObjectHideFlags: 0
  m_CorrespondingSourceObject: {fileID: 0}
  m_PrefabInstance: {fileID: 0}
  m_PrefabAsset: {fileID: 0}
  serializedVersion: 6
  m_Component:
  - component: {fileID: 1240818913371707427}
  m_Layer: 12
  m_Name: Base Human001LThigh
  m_TagString: Untagged
  m_Icon: {fileID: 0}
  m_NavMeshLayer: 0
  m_StaticEditorFlags: 0
  m_IsActive: 1
--- !u!4 &1240818913371707427
Transform:
  m_ObjectHideFlags: 0
  m_CorrespondingSourceObject: {fileID: 0}
  m_PrefabInstance: {fileID: 0}
  m_PrefabAsset: {fileID: 0}
  m_GameObject: {fileID: 1091608296591116840}
  m_LocalRotation: {x: -0.00243977, y: 0.99998295, z: -0.005281547, w: 0.00046583978}
  m_LocalPosition: {x: -0.0168326, y: 0.04589111, z: 0.085989155}
  m_LocalScale: {x: 0.999998, y: 1.000002, z: 1}
  m_Children:
  - {fileID: 711530017994921872}
  m_Father: {fileID: 3088731874409245890}
  m_RootOrder: 0
  m_LocalEulerAnglesHint: {x: 0, y: 0, z: 0}
--- !u!1 &1301515202562158836
GameObject:
  m_ObjectHideFlags: 0
  m_CorrespondingSourceObject: {fileID: 0}
  m_PrefabInstance: {fileID: 0}
  m_PrefabAsset: {fileID: 0}
  serializedVersion: 6
  m_Component:
  - component: {fileID: 2587058036070528214}
  - component: {fileID: 6405945821848460656}
  m_Layer: 12
  m_Name: LElbow
  m_TagString: Untagged
  m_Icon: {fileID: 0}
  m_NavMeshLayer: 0
  m_StaticEditorFlags: 0
  m_IsActive: 1
--- !u!4 &2587058036070528214
Transform:
  m_ObjectHideFlags: 0
  m_CorrespondingSourceObject: {fileID: 0}
  m_PrefabInstance: {fileID: 0}
  m_PrefabAsset: {fileID: 0}
  m_GameObject: {fileID: 1301515202562158836}
  m_LocalRotation: {x: -0.7071068, y: 0, z: -0, w: 0.7071068}
  m_LocalPosition: {x: -0.42443296, y: 1.4236147, z: -0.07618845}
  m_LocalScale: {x: 1, y: 1, z: 1}
  m_Children: []
  m_Father: {fileID: 7310306815048714439}
  m_RootOrder: 5
  m_LocalEulerAnglesHint: {x: 0, y: 0, z: 0}
--- !u!137 &6405945821848460656
SkinnedMeshRenderer:
  m_ObjectHideFlags: 0
  m_CorrespondingSourceObject: {fileID: 0}
  m_PrefabInstance: {fileID: 0}
  m_PrefabAsset: {fileID: 0}
  m_GameObject: {fileID: 1301515202562158836}
  m_Enabled: 1
  m_CastShadows: 1
  m_ReceiveShadows: 1
  m_DynamicOccludee: 1
  m_MotionVectors: 1
  m_LightProbeUsage: 1
  m_ReflectionProbeUsage: 1
  m_RenderingLayerMask: 1
  m_RendererPriority: 0
  m_Materials:
  - {fileID: 2100000, guid: c50b35a7e1edad54ab7cfbbcc7090059, type: 2}
  m_StaticBatchInfo:
    firstSubMesh: 0
    subMeshCount: 0
  m_StaticBatchRoot: {fileID: 0}
  m_ProbeAnchor: {fileID: 0}
  m_LightProbeVolumeOverride: {fileID: 0}
  m_ScaleInLightmap: 1
  m_PreserveUVs: 0
  m_IgnoreNormalsForChartDetection: 0
  m_ImportantGI: 0
  m_StitchLightmapSeams: 0
  m_SelectedEditorRenderState: 3
  m_MinimumChartSize: 4
  m_AutoUVMaxDistance: 0.5
  m_AutoUVMaxAngle: 89
  m_LightmapParameters: {fileID: 0}
  m_SortingLayerID: 0
  m_SortingLayer: 0
  m_SortingOrder: 0
  serializedVersion: 2
  m_Quality: 0
  m_UpdateWhenOffscreen: 0
  m_SkinnedMotionVectors: 1
  m_Mesh: {fileID: 4300002, guid: 6dc0e37f76efab64c9d21532cf2fbcbe, type: 3}
  m_Bones:
  - {fileID: 1803701653569682464}
  - {fileID: 6695068191548416397}
  - {fileID: 1240818913371707427}
  - {fileID: 711530017994921872}
  - {fileID: 1095154239386690395}
  - {fileID: 4101478100413214247}
  - {fileID: 7096078014559634021}
  - {fileID: 1802482887507806093}
  - {fileID: 3088731874409245890}
  - {fileID: 9222291980585623754}
  - {fileID: 6538334083068544153}
  - {fileID: 5262897894452232692}
  - {fileID: 293733410022217773}
  - {fileID: 2247009165191123350}
  - {fileID: 1973643020218283013}
  - {fileID: 4655166482288360753}
  - {fileID: 765659409848147282}
  - {fileID: 3021188651782433131}
  - {fileID: 1780624414539254708}
  - {fileID: 3110143633865543762}
  m_BlendShapeWeights: []
  m_RootBone: {fileID: 3088731874409245890}
  m_AABB:
    m_Center: {x: -0.4780753, y: -0.02525441, z: 0.41968346}
    m_Extent: {x: 0.07549086, y: 0.0775878, z: 0.15063643}
  m_DirtyAABB: 0
--- !u!1 &1496662559136696469
GameObject:
  m_ObjectHideFlags: 0
  m_CorrespondingSourceObject: {fileID: 0}
  m_PrefabInstance: {fileID: 0}
  m_PrefabAsset: {fileID: 0}
  serializedVersion: 6
  m_Component:
  - component: {fileID: 4250527910637523070}
  - component: {fileID: 8080529889752817006}
  m_Layer: 12
  m_Name: RFoot
  m_TagString: Untagged
  m_Icon: {fileID: 0}
  m_NavMeshLayer: 0
  m_StaticEditorFlags: 0
  m_IsActive: 1
--- !u!4 &4250527910637523070
Transform:
  m_ObjectHideFlags: 0
  m_CorrespondingSourceObject: {fileID: 0}
  m_PrefabInstance: {fileID: 0}
  m_PrefabAsset: {fileID: 0}
  m_GameObject: {fileID: 1496662559136696469}
  m_LocalRotation: {x: -0.7071068, y: 0, z: -0, w: 0.7071068}
  m_LocalPosition: {x: 0.08941233, y: 0.14757125, z: 0.004709793}
  m_LocalScale: {x: 1, y: 1, z: 1}
  m_Children: []
  m_Father: {fileID: 7310306815048714439}
  m_RootOrder: 11
  m_LocalEulerAnglesHint: {x: 0, y: 0, z: 0}
--- !u!137 &8080529889752817006
SkinnedMeshRenderer:
  m_ObjectHideFlags: 0
  m_CorrespondingSourceObject: {fileID: 0}
  m_PrefabInstance: {fileID: 0}
  m_PrefabAsset: {fileID: 0}
  m_GameObject: {fileID: 1496662559136696469}
  m_Enabled: 1
  m_CastShadows: 1
  m_ReceiveShadows: 1
  m_DynamicOccludee: 1
  m_MotionVectors: 1
  m_LightProbeUsage: 1
  m_ReflectionProbeUsage: 1
  m_RenderingLayerMask: 1
  m_RendererPriority: 0
  m_Materials:
  - {fileID: 2100000, guid: c50b35a7e1edad54ab7cfbbcc7090059, type: 2}
  m_StaticBatchInfo:
    firstSubMesh: 0
    subMeshCount: 0
  m_StaticBatchRoot: {fileID: 0}
  m_ProbeAnchor: {fileID: 0}
  m_LightProbeVolumeOverride: {fileID: 0}
  m_ScaleInLightmap: 1
  m_PreserveUVs: 0
  m_IgnoreNormalsForChartDetection: 0
  m_ImportantGI: 0
  m_StitchLightmapSeams: 0
  m_SelectedEditorRenderState: 3
  m_MinimumChartSize: 4
  m_AutoUVMaxDistance: 0.5
  m_AutoUVMaxAngle: 89
  m_LightmapParameters: {fileID: 0}
  m_SortingLayerID: 0
  m_SortingLayer: 0
  m_SortingOrder: 0
  serializedVersion: 2
  m_Quality: 0
  m_UpdateWhenOffscreen: 0
  m_SkinnedMotionVectors: 1
  m_Mesh: {fileID: 4300016, guid: 6dc0e37f76efab64c9d21532cf2fbcbe, type: 3}
  m_Bones:
  - {fileID: 1802482887507806093}
  - {fileID: 4655166482288360753}
  - {fileID: 9222291980585623754}
  - {fileID: 1240818913371707427}
  - {fileID: 4101478100413214247}
  - {fileID: 7096078014559634021}
  - {fileID: 3088731874409245890}
  - {fileID: 1095154239386690395}
  - {fileID: 711530017994921872}
  - {fileID: 765659409848147282}
  - {fileID: 6538334083068544153}
  - {fileID: 5262897894452232692}
  - {fileID: 293733410022217773}
  - {fileID: 2247009165191123350}
  - {fileID: 1973643020218283013}
  - {fileID: 1803701653569682464}
  - {fileID: 6695068191548416397}
  - {fileID: 3021188651782433131}
  - {fileID: 1780624414539254708}
  - {fileID: 3110143633865543762}
  m_BlendShapeWeights: []
  m_RootBone: {fileID: 3088731874409245890}
  m_AABB:
    m_Center: {x: 0.8017788, y: 0.024438173, z: -0.08858428}
    m_Extent: {x: 0.1728124, y: 0.17518517, z: 0.062774144}
  m_DirtyAABB: 0
--- !u!1 &1639640700575806209
GameObject:
  m_ObjectHideFlags: 0
  m_CorrespondingSourceObject: {fileID: 0}
  m_PrefabInstance: {fileID: 0}
  m_PrefabAsset: {fileID: 0}
  serializedVersion: 6
  m_Component:
  - component: {fileID: 4837581282240245868}
  - component: {fileID: 3690863168376399586}
  m_Layer: 12
  m_Name: RHand
  m_TagString: Untagged
  m_Icon: {fileID: 0}
  m_NavMeshLayer: 0
  m_StaticEditorFlags: 0
  m_IsActive: 1
--- !u!4 &4837581282240245868
Transform:
  m_ObjectHideFlags: 0
  m_CorrespondingSourceObject: {fileID: 0}
  m_PrefabInstance: {fileID: 0}
  m_PrefabAsset: {fileID: 0}
  m_GameObject: {fileID: 1639640700575806209}
  m_LocalRotation: {x: -0.7071068, y: 0, z: -0, w: 0.7071068}
  m_LocalPosition: {x: 0.7125165, y: 1.4067744, z: -0.047235284}
  m_LocalScale: {x: 1, y: 1, z: 1}
  m_Children: []
  m_Father: {fileID: 7310306815048714439}
  m_RootOrder: 12
  m_LocalEulerAnglesHint: {x: 0, y: 0, z: 0}
--- !u!137 &3690863168376399586
SkinnedMeshRenderer:
  m_ObjectHideFlags: 0
  m_CorrespondingSourceObject: {fileID: 0}
  m_PrefabInstance: {fileID: 0}
  m_PrefabAsset: {fileID: 0}
  m_GameObject: {fileID: 1639640700575806209}
  m_Enabled: 1
  m_CastShadows: 1
  m_ReceiveShadows: 1
  m_DynamicOccludee: 1
  m_MotionVectors: 1
  m_LightProbeUsage: 1
  m_ReflectionProbeUsage: 1
  m_RenderingLayerMask: 1
  m_RendererPriority: 0
  m_Materials:
  - {fileID: 2100000, guid: c50b35a7e1edad54ab7cfbbcc7090059, type: 2}
  m_StaticBatchInfo:
    firstSubMesh: 0
    subMeshCount: 0
  m_StaticBatchRoot: {fileID: 0}
  m_ProbeAnchor: {fileID: 0}
  m_LightProbeVolumeOverride: {fileID: 0}
  m_ScaleInLightmap: 1
  m_PreserveUVs: 0
  m_IgnoreNormalsForChartDetection: 0
  m_ImportantGI: 0
  m_StitchLightmapSeams: 0
  m_SelectedEditorRenderState: 3
  m_MinimumChartSize: 4
  m_AutoUVMaxDistance: 0.5
  m_AutoUVMaxAngle: 89
  m_LightmapParameters: {fileID: 0}
  m_SortingLayerID: 0
  m_SortingLayer: 0
  m_SortingOrder: 0
  serializedVersion: 2
  m_Quality: 0
  m_UpdateWhenOffscreen: 0
  m_SkinnedMotionVectors: 1
  m_Mesh: {fileID: 4300008, guid: 6dc0e37f76efab64c9d21532cf2fbcbe, type: 3}
  m_Bones:
  - {fileID: 2525430419003993437}
  - {fileID: 146645753566918809}
  - {fileID: 9011808846102573724}
  - {fileID: 7178602045827404843}
  - {fileID: 8554241868601403312}
  - {fileID: 9021483551521599682}
  - {fileID: 6905961159596748250}
  - {fileID: 3893098033169662384}
  - {fileID: 4130886491246829165}
  - {fileID: 2498008554275633481}
  - {fileID: 5427225088085128894}
  - {fileID: 2810153561147052034}
  - {fileID: 3670719782471583710}
  - {fileID: 6725659128167081818}
  - {fileID: 7906977631723909708}
  - {fileID: 9040005300137659887}
  - {fileID: 4346614795852934723}
  - {fileID: 3021188651782433131}
  - {fileID: 1780624414539254708}
  - {fileID: 3110143633865543762}
  m_BlendShapeWeights: []
  m_RootBone: {fileID: 146645753566918809}
  m_AABB:
    m_Center: {x: -0.2835632, y: 0.0006226599, z: 0.0021038875}
    m_Extent: {x: 0.17780796, y: 0.087307364, z: 0.07584357}
  m_DirtyAABB: 0
--- !u!1 &1798811447629966408
GameObject:
  m_ObjectHideFlags: 0
  m_CorrespondingSourceObject: {fileID: 0}
  m_PrefabInstance: {fileID: 0}
  m_PrefabAsset: {fileID: 0}
  serializedVersion: 6
  m_Component:
  - component: {fileID: 1802482887507806093}
  m_Layer: 12
  m_Name: Base Human001RCalf
  m_TagString: Untagged
  m_Icon: {fileID: 0}
  m_NavMeshLayer: 0
  m_StaticEditorFlags: 0
  m_IsActive: 1
--- !u!4 &1802482887507806093
Transform:
  m_ObjectHideFlags: 0
  m_CorrespondingSourceObject: {fileID: 0}
  m_PrefabInstance: {fileID: 0}
  m_PrefabAsset: {fileID: 0}
  m_GameObject: {fileID: 1798811447629966408}
  m_LocalRotation: {x: -0.00008945816, y: -0.0012136977, z: 0.11301988, w: 0.993592}
  m_LocalPosition: {x: -0.44938082, y: 0.0000006189197, z: 0.00000018596648}
  m_LocalScale: {x: 1.000001, y: 0.999998, z: 1}
  m_Children:
  - {fileID: 4655166482288360753}
  m_Father: {fileID: 7096078014559634021}
  m_RootOrder: 0
  m_LocalEulerAnglesHint: {x: 0, y: 0, z: 0}
--- !u!1 &1854261267897837639
GameObject:
  m_ObjectHideFlags: 0
  m_CorrespondingSourceObject: {fileID: 0}
  m_PrefabInstance: {fileID: 0}
  m_PrefabAsset: {fileID: 0}
  serializedVersion: 6
  m_Component:
  - component: {fileID: 2810153561147052034}
  m_Layer: 12
  m_Name: Base Human001RDigit53
  m_TagString: Untagged
  m_Icon: {fileID: 0}
  m_NavMeshLayer: 0
  m_StaticEditorFlags: 0
  m_IsActive: 1
--- !u!4 &2810153561147052034
Transform:
  m_ObjectHideFlags: 0
  m_CorrespondingSourceObject: {fileID: 0}
  m_PrefabInstance: {fileID: 0}
  m_PrefabAsset: {fileID: 0}
  m_GameObject: {fileID: 1854261267897837639}
  m_LocalRotation: {x: -0.00000002980235, y: 0.000000014901128, z: -0.000000014901127,
    w: 1}
  m_LocalPosition: {x: -0.022183456, y: 0, z: -0.000000057220458}
  m_LocalScale: {x: 1.000002, y: 0.999999, z: 0.999999}
  m_Children: []
  m_Father: {fileID: 4130886491246829165}
  m_RootOrder: 0
  m_LocalEulerAnglesHint: {x: 0, y: 0, z: 0}
--- !u!1 &1855402135834865763
GameObject:
  m_ObjectHideFlags: 0
  m_CorrespondingSourceObject: {fileID: 0}
  m_PrefabInstance: {fileID: 0}
  m_PrefabAsset: {fileID: 0}
  serializedVersion: 6
  m_Component:
  - component: {fileID: 6695068191548416397}
  m_Layer: 12
  m_Name: Base Human001LForearm
  m_TagString: Untagged
  m_Icon: {fileID: 0}
  m_NavMeshLayer: 0
  m_StaticEditorFlags: 0
  m_IsActive: 1
--- !u!4 &6695068191548416397
Transform:
  m_ObjectHideFlags: 0
  m_CorrespondingSourceObject: {fileID: 0}
  m_PrefabInstance: {fileID: 0}
  m_PrefabAsset: {fileID: 0}
  m_GameObject: {fileID: 1855402135834865763}
  m_LocalRotation: {x: 0.072823375, y: -0.06177341, z: -0.12175101, w: 0.9879562}
  m_LocalPosition: {x: -0.30259436, y: 0, z: 0.000000114440915}
  m_LocalScale: {x: 1.000001, y: 1, z: 0.999999}
  m_Children:
  - {fileID: 3021188651782433131}
  m_Father: {fileID: 1803701653569682464}
  m_RootOrder: 0
  m_LocalEulerAnglesHint: {x: 0, y: 0, z: 0}
--- !u!1 &1955091406199855695
GameObject:
  m_ObjectHideFlags: 0
  m_CorrespondingSourceObject: {fileID: 0}
  m_PrefabInstance: {fileID: 0}
  m_PrefabAsset: {fileID: 0}
  serializedVersion: 6
  m_Component:
  - component: {fileID: 7096078014559634021}
  m_Layer: 12
  m_Name: Base Human001RThigh
  m_TagString: Untagged
  m_Icon: {fileID: 0}
  m_NavMeshLayer: 0
  m_StaticEditorFlags: 0
  m_IsActive: 1
--- !u!4 &7096078014559634021
Transform:
  m_ObjectHideFlags: 0
  m_CorrespondingSourceObject: {fileID: 0}
  m_PrefabInstance: {fileID: 0}
  m_PrefabAsset: {fileID: 0}
  m_GameObject: {fileID: 1955091406199855695}
  m_LocalRotation: {x: -0.0024303508, y: 0.999983, z: 0.0052814973, w: -0.00046586897}
  m_LocalPosition: {x: -0.0168326, y: 0.04589111, z: -0.08598913}
  m_LocalScale: {x: 0.999998, y: 1.000002, z: 1}
  m_Children:
  - {fileID: 1802482887507806093}
  m_Father: {fileID: 3088731874409245890}
  m_RootOrder: 1
  m_LocalEulerAnglesHint: {x: 0, y: 0, z: 0}
--- !u!1 &2294639367194928469
GameObject:
  m_ObjectHideFlags: 0
  m_CorrespondingSourceObject: {fileID: 0}
  m_PrefabInstance: {fileID: 0}
  m_PrefabAsset: {fileID: 0}
  serializedVersion: 6
  m_Component:
  - component: {fileID: 3224557912171032635}
  - component: {fileID: 7977439018989560651}
  m_Layer: 12
  m_Name: LKnee
  m_TagString: Untagged
  m_Icon: {fileID: 0}
  m_NavMeshLayer: 0
  m_StaticEditorFlags: 0
  m_IsActive: 1
--- !u!4 &3224557912171032635
Transform:
  m_ObjectHideFlags: 0
  m_CorrespondingSourceObject: {fileID: 0}
  m_PrefabInstance: {fileID: 0}
  m_PrefabAsset: {fileID: 0}
  m_GameObject: {fileID: 2294639367194928469}
  m_LocalRotation: {x: -0.7071068, y: 0, z: -0, w: 0.7071068}
  m_LocalPosition: {x: -0.08978938, y: 0.49433336, z: -0.040490054}
  m_LocalScale: {x: 1, y: 1, z: 1}
  m_Children: []
  m_Father: {fileID: 7310306815048714439}
  m_RootOrder: 8
  m_LocalEulerAnglesHint: {x: 0, y: 0, z: 0}
--- !u!137 &7977439018989560651
SkinnedMeshRenderer:
  m_ObjectHideFlags: 0
  m_CorrespondingSourceObject: {fileID: 0}
  m_PrefabInstance: {fileID: 0}
  m_PrefabAsset: {fileID: 0}
  m_GameObject: {fileID: 2294639367194928469}
  m_Enabled: 1
  m_CastShadows: 1
  m_ReceiveShadows: 1
  m_DynamicOccludee: 1
  m_MotionVectors: 1
  m_LightProbeUsage: 1
  m_ReflectionProbeUsage: 1
  m_RenderingLayerMask: 1
  m_RendererPriority: 0
  m_Materials:
  - {fileID: 2100000, guid: c50b35a7e1edad54ab7cfbbcc7090059, type: 2}
  m_StaticBatchInfo:
    firstSubMesh: 0
    subMeshCount: 0
  m_StaticBatchRoot: {fileID: 0}
  m_ProbeAnchor: {fileID: 0}
  m_LightProbeVolumeOverride: {fileID: 0}
  m_ScaleInLightmap: 1
  m_PreserveUVs: 0
  m_IgnoreNormalsForChartDetection: 0
  m_ImportantGI: 0
  m_StitchLightmapSeams: 0
  m_SelectedEditorRenderState: 3
  m_MinimumChartSize: 4
  m_AutoUVMaxDistance: 0.5
  m_AutoUVMaxAngle: 89
  m_LightmapParameters: {fileID: 0}
  m_SortingLayerID: 0
  m_SortingLayer: 0
  m_SortingOrder: 0
  serializedVersion: 2
  m_Quality: 0
  m_UpdateWhenOffscreen: 0
  m_SkinnedMotionVectors: 1
  m_Mesh: {fileID: 4300010, guid: 6dc0e37f76efab64c9d21532cf2fbcbe, type: 3}
  m_Bones:
  - {fileID: 711530017994921872}
  - {fileID: 1240818913371707427}
  - {fileID: 3088731874409245890}
  - {fileID: 765659409848147282}
  - {fileID: 1095154239386690395}
  - {fileID: 4101478100413214247}
  - {fileID: 7096078014559634021}
  - {fileID: 1802482887507806093}
  - {fileID: 4655166482288360753}
  - {fileID: 9222291980585623754}
  - {fileID: 6538334083068544153}
  - {fileID: 5262897894452232692}
  - {fileID: 293733410022217773}
  - {fileID: 2247009165191123350}
  - {fileID: 1973643020218283013}
  - {fileID: 1803701653569682464}
  - {fileID: 6695068191548416397}
  - {fileID: 3021188651782433131}
  - {fileID: 1780624414539254708}
  - {fileID: 3110143633865543762}
  m_BlendShapeWeights: []
  m_RootBone: {fileID: 3088731874409245890}
  m_AABB:
    m_Center: {x: 0.45849633, y: -0.015006822, z: 0.090247355}
    m_Extent: {x: 0.23677325, y: 0.12922941, z: 0.07371975}
  m_DirtyAABB: 0
--- !u!1 &2310351451726519578
GameObject:
  m_ObjectHideFlags: 0
  m_CorrespondingSourceObject: {fileID: 0}
  m_PrefabInstance: {fileID: 0}
  m_PrefabAsset: {fileID: 0}
  serializedVersion: 6
  m_Component:
  - component: {fileID: 9040005300137659887}
  m_Layer: 12
  m_Name: Base Human001RDigit33
  m_TagString: Untagged
  m_Icon: {fileID: 0}
  m_NavMeshLayer: 0
  m_StaticEditorFlags: 0
  m_IsActive: 1
--- !u!4 &9040005300137659887
Transform:
  m_ObjectHideFlags: 0
  m_CorrespondingSourceObject: {fileID: 0}
  m_PrefabInstance: {fileID: 0}
  m_PrefabAsset: {fileID: 0}
  m_GameObject: {fileID: 2310351451726519578}
  m_LocalRotation: {x: -0.0000000018626471, y: -0.0000000032596337, z: -0.000000014901183,
    w: 1}
  m_LocalPosition: {x: -0.023299798, y: 0, z: 0}
  m_LocalScale: {x: 0.999999, y: 0.999999, z: 1.000002}
  m_Children: []
  m_Father: {fileID: 6725659128167081818}
  m_RootOrder: 0
  m_LocalEulerAnglesHint: {x: 0, y: 0, z: 0}
--- !u!1 &2329869406447572885
GameObject:
  m_ObjectHideFlags: 0
  m_CorrespondingSourceObject: {fileID: 0}
  m_PrefabInstance: {fileID: 0}
  m_PrefabAsset: {fileID: 0}
  serializedVersion: 6
  m_Component:
  - component: {fileID: 8554241868601403312}
  m_Layer: 12
  m_Name: Base Human001RDigit12
  m_TagString: Untagged
  m_Icon: {fileID: 0}
  m_NavMeshLayer: 0
  m_StaticEditorFlags: 0
  m_IsActive: 1
--- !u!4 &8554241868601403312
Transform:
  m_ObjectHideFlags: 0
  m_CorrespondingSourceObject: {fileID: 0}
  m_PrefabInstance: {fileID: 0}
  m_PrefabAsset: {fileID: 0}
  m_GameObject: {fileID: 2329869406447572885}
  m_LocalRotation: {x: 0.000000044703537, y: -0.00000007450595, z: 0.000000014901193,
    w: 1}
  m_LocalPosition: {x: -0.02719694, y: 0, z: 0}
  m_LocalScale: {x: 0.999998, y: 0.999999, z: 1.000002}
  m_Children:
  - {fileID: 2498008554275633481}
  m_Father: {fileID: 9011808846102573724}
  m_RootOrder: 0
  m_LocalEulerAnglesHint: {x: 0, y: 0, z: 0}
--- !u!1 &2392354531715927300
GameObject:
  m_ObjectHideFlags: 0
  m_CorrespondingSourceObject: {fileID: 0}
  m_PrefabInstance: {fileID: 0}
  m_PrefabAsset: {fileID: 0}
  serializedVersion: 6
  m_Component:
  - component: {fileID: 6861217228389904980}
  m_Layer: 12
  m_Name: Base Human001LDigit31
  m_TagString: Untagged
  m_Icon: {fileID: 0}
  m_NavMeshLayer: 0
  m_StaticEditorFlags: 0
  m_IsActive: 1
--- !u!4 &6861217228389904980
Transform:
  m_ObjectHideFlags: 0
  m_CorrespondingSourceObject: {fileID: 0}
  m_PrefabInstance: {fileID: 0}
  m_PrefabAsset: {fileID: 0}
  m_GameObject: {fileID: 2392354531715927300}
  m_LocalRotation: {x: -0.0075743916, y: 0.042954683, z: 0.17348462, w: 0.9838702}
  m_LocalPosition: {x: -0.10400791, y: 0.004367409, z: 0.008895272}
  m_LocalScale: {x: 0.999997, y: 1.000002, z: 1}
  m_Children:
  - {fileID: 7962573890845215634}
  m_Father: {fileID: 3021188651782433131}
  m_RootOrder: 2
  m_LocalEulerAnglesHint: {x: 0, y: 0, z: 0}
--- !u!1 &2633611979953876537
GameObject:
  m_ObjectHideFlags: 0
  m_CorrespondingSourceObject: {fileID: 0}
  m_PrefabInstance: {fileID: 0}
  m_PrefabAsset: {fileID: 0}
  serializedVersion: 6
  m_Component:
  - component: {fileID: 5309304119755557892}
  m_Layer: 12
  m_Name: Base Human001RCollarbone
  m_TagString: Untagged
  m_Icon: {fileID: 0}
  m_NavMeshLayer: 0
  m_StaticEditorFlags: 0
  m_IsActive: 1
--- !u!4 &5309304119755557892
Transform:
  m_ObjectHideFlags: 0
  m_CorrespondingSourceObject: {fileID: 0}
  m_PrefabInstance: {fileID: 0}
  m_PrefabAsset: {fileID: 0}
  m_GameObject: {fileID: 2633611979953876537}
  m_LocalRotation: {x: -0.20699877, y: -0.5551247, z: 0.25932404, w: 0.7627183}
  m_LocalPosition: {x: 0.02657341, y: 0.08681511, z: -0.015056417}
  m_LocalScale: {x: 1, y: 1, z: 1}
  m_Children:
  - {fileID: 8594439029603502659}
  m_Father: {fileID: 2247009165191123350}
  m_RootOrder: 2
  m_LocalEulerAnglesHint: {x: 0, y: 0, z: 0}
--- !u!1 &2885398904066126761
GameObject:
  m_ObjectHideFlags: 0
  m_CorrespondingSourceObject: {fileID: 0}
  m_PrefabInstance: {fileID: 0}
  m_PrefabAsset: {fileID: 0}
  serializedVersion: 6
  m_Component:
  - component: {fileID: 7528102915061862890}
  m_Layer: 12
  m_Name: Base Human001LDigit13
  m_TagString: Untagged
  m_Icon: {fileID: 0}
  m_NavMeshLayer: 0
  m_StaticEditorFlags: 0
  m_IsActive: 1
--- !u!4 &7528102915061862890
Transform:
  m_ObjectHideFlags: 0
  m_CorrespondingSourceObject: {fileID: 0}
  m_PrefabInstance: {fileID: 0}
  m_PrefabAsset: {fileID: 0}
  m_GameObject: {fileID: 2885398904066126761}
  m_LocalRotation: {x: 0.000000014901113, y: -0.000000014901222, z: 2.220448e-16,
    w: 1}
  m_LocalPosition: {x: -0.027196826, y: -0.000000114440915, z: 0}
  m_LocalScale: {x: 0.999996, y: 1.000003, z: 1.000001}
  m_Children: []
  m_Father: {fileID: 3110143633865543762}
  m_RootOrder: 0
  m_LocalEulerAnglesHint: {x: 0, y: 0, z: 0}
--- !u!1 &3224902828004044550
GameObject:
  m_ObjectHideFlags: 0
  m_CorrespondingSourceObject: {fileID: 0}
  m_PrefabInstance: {fileID: 0}
  m_PrefabAsset: {fileID: 0}
  serializedVersion: 6
  m_Component:
  - component: {fileID: 8155825485637465654}
  m_Layer: 12
  m_Name: Base Human001RPlatform
  m_TagString: Untagged
  m_Icon: {fileID: 0}
  m_NavMeshLayer: 0
  m_StaticEditorFlags: 0
  m_IsActive: 1
--- !u!4 &8155825485637465654
Transform:
  m_ObjectHideFlags: 0
  m_CorrespondingSourceObject: {fileID: 0}
  m_PrefabInstance: {fileID: 0}
  m_PrefabAsset: {fileID: 0}
  m_GameObject: {fileID: 3224902828004044550}
  m_LocalRotation: {x: 0.50000006, y: -0.4999999, z: -0.49999994, w: 0.5000001}
  m_LocalPosition: {x: 0.08692902, y: 0.000000001112999, z: 0.0068369615}
  m_LocalScale: {x: 1, y: 1, z: 1}
  m_Children: []
  m_Father: {fileID: 7310306815048714439}
  m_RootOrder: 2
  m_LocalEulerAnglesHint: {x: 0, y: 0, z: 0}
--- !u!1 &3375253398457086800
GameObject:
  m_ObjectHideFlags: 0
  m_CorrespondingSourceObject: {fileID: 0}
  m_PrefabInstance: {fileID: 0}
  m_PrefabAsset: {fileID: 0}
  serializedVersion: 6
  m_Component:
  - component: {fileID: 3893098033169662384}
  m_Layer: 12
  m_Name: Base Human001RDigit21
  m_TagString: Untagged
  m_Icon: {fileID: 0}
  m_NavMeshLayer: 0
  m_StaticEditorFlags: 0
  m_IsActive: 1
--- !u!4 &3893098033169662384
Transform:
  m_ObjectHideFlags: 0
  m_CorrespondingSourceObject: {fileID: 0}
  m_PrefabInstance: {fileID: 0}
  m_PrefabAsset: {fileID: 0}
  m_GameObject: {fileID: 3375253398457086800}
  m_LocalRotation: {x: 0.022665596, y: -0.0864089, z: 0.12854244, w: 0.9876723}
  m_LocalPosition: {x: -0.0937639, y: 0.00014408112, z: -0.030957295}
  m_LocalScale: {x: 0.999999, y: 0.999999, z: 1.000002}
  m_Children:
  - {fileID: 3670719782471583710}
  m_Father: {fileID: 2525430419003993437}
  m_RootOrder: 1
  m_LocalEulerAnglesHint: {x: 0, y: 0, z: 0}
--- !u!1 &3387948336947979813
GameObject:
  m_ObjectHideFlags: 0
  m_CorrespondingSourceObject: {fileID: 0}
  m_PrefabInstance: {fileID: 0}
  m_PrefabAsset: {fileID: 0}
  serializedVersion: 6
  m_Component:
  - component: {fileID: 5262897894452232692}
  m_Layer: 12
  m_Name: Base Human001Spine2
  m_TagString: Untagged
  m_Icon: {fileID: 0}
  m_NavMeshLayer: 0
  m_StaticEditorFlags: 0
  m_IsActive: 1
--- !u!4 &5262897894452232692
Transform:
  m_ObjectHideFlags: 0
  m_CorrespondingSourceObject: {fileID: 0}
  m_PrefabInstance: {fileID: 0}
  m_PrefabAsset: {fileID: 0}
  m_GameObject: {fileID: 3387948336947979813}
  m_LocalRotation: {x: -0.0000000042041375, y: 0.000000016168528, z: 0.1601934, w: 0.98708564}
  m_LocalPosition: {x: -0.17156559, y: 0, z: -1.0913936e-13}
  m_LocalScale: {x: 1, y: 1, z: 1}
  m_Children:
  - {fileID: 293733410022217773}
  m_Father: {fileID: 6538334083068544153}
  m_RootOrder: 0
  m_LocalEulerAnglesHint: {x: 0, y: 0, z: 0}
--- !u!1 &3395134003277941009
GameObject:
  m_ObjectHideFlags: 0
  m_CorrespondingSourceObject: {fileID: 0}
  m_PrefabInstance: {fileID: 0}
  m_PrefabAsset: {fileID: 0}
  serializedVersion: 6
  m_Component:
  - component: {fileID: 5820249407374626275}
  - component: {fileID: 9142426814949347763}
  m_Layer: 12
  m_Name: LHand
  m_TagString: Untagged
  m_Icon: {fileID: 0}
  m_NavMeshLayer: 0
  m_StaticEditorFlags: 0
  m_IsActive: 1
--- !u!4 &5820249407374626275
Transform:
  m_ObjectHideFlags: 0
  m_CorrespondingSourceObject: {fileID: 0}
  m_PrefabInstance: {fileID: 0}
  m_PrefabAsset: {fileID: 0}
  m_GameObject: {fileID: 3395134003277941009}
  m_LocalRotation: {x: -0.7071068, y: 0, z: -0, w: 0.7071068}
  m_LocalPosition: {x: -0.72169423, y: 1.4058001, z: -0.047480557}
  m_LocalScale: {x: 1, y: 1, z: 1}
  m_Children: []
  m_Father: {fileID: 7310306815048714439}
  m_RootOrder: 7
  m_LocalEulerAnglesHint: {x: 0, y: 0, z: 0}
--- !u!137 &9142426814949347763
SkinnedMeshRenderer:
  m_ObjectHideFlags: 0
  m_CorrespondingSourceObject: {fileID: 0}
  m_PrefabInstance: {fileID: 0}
  m_PrefabAsset: {fileID: 0}
  m_GameObject: {fileID: 3395134003277941009}
  m_Enabled: 1
  m_CastShadows: 1
  m_ReceiveShadows: 1
  m_DynamicOccludee: 1
  m_MotionVectors: 1
  m_LightProbeUsage: 1
  m_ReflectionProbeUsage: 1
  m_RenderingLayerMask: 1
  m_RendererPriority: 0
  m_Materials:
  - {fileID: 2100000, guid: c50b35a7e1edad54ab7cfbbcc7090059, type: 2}
  m_StaticBatchInfo:
    firstSubMesh: 0
    subMeshCount: 0
  m_StaticBatchRoot: {fileID: 0}
  m_ProbeAnchor: {fileID: 0}
  m_LightProbeVolumeOverride: {fileID: 0}
  m_ScaleInLightmap: 1
  m_PreserveUVs: 0
  m_IgnoreNormalsForChartDetection: 0
  m_ImportantGI: 0
  m_StitchLightmapSeams: 0
  m_SelectedEditorRenderState: 3
  m_MinimumChartSize: 4
  m_AutoUVMaxDistance: 0.5
  m_AutoUVMaxAngle: 89
  m_LightmapParameters: {fileID: 0}
  m_SortingLayerID: 0
  m_SortingLayer: 0
  m_SortingOrder: 0
  serializedVersion: 2
  m_Quality: 0
  m_UpdateWhenOffscreen: 0
  m_SkinnedMotionVectors: 1
  m_Mesh: {fileID: 4300000, guid: 6dc0e37f76efab64c9d21532cf2fbcbe, type: 3}
  m_Bones:
  - {fileID: 6695068191548416397}
  - {fileID: 3021188651782433131}
  - {fileID: 1780624414539254708}
  - {fileID: 3110143633865543762}
  - {fileID: 5460040025503935054}
  - {fileID: 8684045305508798338}
  - {fileID: 6861217228389904980}
  - {fileID: 7528102915061862890}
  - {fileID: 3418584479945462653}
  - {fileID: 834721345237064770}
  - {fileID: 6693226004982248839}
  - {fileID: 3677393522939010827}
  - {fileID: 7962573890845215634}
  - {fileID: 6114744999800397435}
  - {fileID: 4524016820085780615}
  - {fileID: 1646086162525742710}
  - {fileID: 5497942218319868308}
  - {fileID: 1095154239386690395}
  - {fileID: 711530017994921872}
  - {fileID: 2247009165191123350}
  - {fileID: 1240818913371707427}
  - {fileID: 6538334083068544153}
  - {fileID: 293733410022217773}
  - {fileID: 1803701653569682464}
  - {fileID: 1802482887507806093}
  - {fileID: 7096078014559634021}
  - {fileID: 4101478100413214247}
  - {fileID: 9222291980585623754}
  - {fileID: 1973643020218283013}
  - {fileID: 5262897894452232692}
  - {fileID: 4655166482288360753}
  m_BlendShapeWeights: []
  m_RootBone: {fileID: 6538334083068544153}
  m_AABB:
    m_Center: {x: -0.4066008, y: -0.110526755, z: 0.71807367}
    m_Extent: {x: 0.065134525, y: 0.09022021, z: 0.17054677}
  m_DirtyAABB: 0
--- !u!1 &3643898231929372288
GameObject:
  m_ObjectHideFlags: 0
  m_CorrespondingSourceObject: {fileID: 0}
  m_PrefabInstance: {fileID: 0}
  m_PrefabAsset: {fileID: 0}
  serializedVersion: 6
  m_Component:
  - component: {fileID: 9011808846102573724}
  m_Layer: 12
  m_Name: Base Human001RDigit11 1
  m_TagString: Untagged
  m_Icon: {fileID: 0}
  m_NavMeshLayer: 0
  m_StaticEditorFlags: 0
  m_IsActive: 1
--- !u!4 &9011808846102573724
Transform:
  m_ObjectHideFlags: 0
  m_CorrespondingSourceObject: {fileID: 0}
  m_PrefabInstance: {fileID: 0}
  m_PrefabAsset: {fileID: 0}
  m_GameObject: {fileID: 3643898231929372288}
  m_LocalRotation: {x: -0.30583116, y: -0.34443167, z: 0.17991745, w: 0.86917424}
  m_LocalPosition: {x: -0.024551468, y: 0.001358757, z: -0.037392173}
  m_LocalScale: {x: 1, y: 1, z: 0.999999}
  m_Children:
  - {fileID: 8554241868601403312}
  m_Father: {fileID: 2525430419003993437}
  m_RootOrder: 0
  m_LocalEulerAnglesHint: {x: 0, y: 0, z: 0}
--- !u!1 &3727391789520358025
GameObject:
  m_ObjectHideFlags: 0
  m_CorrespondingSourceObject: {fileID: 0}
  m_PrefabInstance: {fileID: 0}
  m_PrefabAsset: {fileID: 0}
  serializedVersion: 6
  m_Component:
  - component: {fileID: 293733410022217773}
  m_Layer: 12
  m_Name: Base Human001Spine3
  m_TagString: Untagged
  m_Icon: {fileID: 0}
  m_NavMeshLayer: 0
  m_StaticEditorFlags: 0
  m_IsActive: 1
--- !u!4 &293733410022217773
Transform:
  m_ObjectHideFlags: 0
  m_CorrespondingSourceObject: {fileID: 0}
  m_PrefabInstance: {fileID: 0}
  m_PrefabAsset: {fileID: 0}
  m_GameObject: {fileID: 3727391789520358025}
  m_LocalRotation: {x: 5.970195e-10, y: 0.000000011139872, z: 0.07272315, w: 0.9973522}
  m_LocalPosition: {x: -0.146151, y: -0.0000000035762786, z: -1.0913936e-13}
  m_LocalScale: {x: 1, y: 1, z: 1}
  m_Children:
  - {fileID: 2247009165191123350}
  m_Father: {fileID: 5262897894452232692}
  m_RootOrder: 0
  m_LocalEulerAnglesHint: {x: 0, y: 0, z: 0}
--- !u!1 &3728681422401197537
GameObject:
  m_ObjectHideFlags: 0
  m_CorrespondingSourceObject: {fileID: 0}
  m_PrefabInstance: {fileID: 0}
  m_PrefabAsset: {fileID: 0}
  serializedVersion: 6
  m_Component:
  - component: {fileID: 7962573890845215634}
  m_Layer: 12
  m_Name: Base Human001LDigit32
  m_TagString: Untagged
  m_Icon: {fileID: 0}
  m_NavMeshLayer: 0
  m_StaticEditorFlags: 0
  m_IsActive: 1
--- !u!4 &7962573890845215634
Transform:
  m_ObjectHideFlags: 0
  m_CorrespondingSourceObject: {fileID: 0}
  m_PrefabInstance: {fileID: 0}
  m_PrefabAsset: {fileID: 0}
  m_GameObject: {fileID: 3728681422401197537}
  m_LocalRotation: {x: 0.00000003911541, y: -0.000000025145809, z: 9.835885e-16, w: 1}
  m_LocalPosition: {x: -0.031608667, y: 0.000000114440915, z: 0.0000000035762786}
  m_LocalScale: {x: 0.999996, y: 1.000004, z: 1.000001}
  m_Children:
  - {fileID: 1646086162525742710}
  m_Father: {fileID: 6861217228389904980}
  m_RootOrder: 0
  m_LocalEulerAnglesHint: {x: 0, y: 0, z: 0}
--- !u!1 &3798912624022771731
GameObject:
  m_ObjectHideFlags: 0
  m_CorrespondingSourceObject: {fileID: 0}
  m_PrefabInstance: {fileID: 0}
  m_PrefabAsset: {fileID: 0}
  serializedVersion: 6
  m_Component:
  - component: {fileID: 834721345237064770}
  m_Layer: 12
  m_Name: Base Human001LDigit52
  m_TagString: Untagged
  m_Icon: {fileID: 0}
  m_NavMeshLayer: 0
  m_StaticEditorFlags: 0
  m_IsActive: 1
--- !u!4 &834721345237064770
Transform:
  m_ObjectHideFlags: 0
  m_CorrespondingSourceObject: {fileID: 0}
  m_PrefabInstance: {fileID: 0}
  m_PrefabAsset: {fileID: 0}
  m_GameObject: {fileID: 3798912624022771731}
  m_LocalRotation: {x: -0.000000022351836, y: 1.6653357e-16, z: -0.000000007450555,
    w: 1}
  m_LocalPosition: {x: -0.025932997, y: 0.000000114440915, z: -0.000000028610229}
  m_LocalScale: {x: 1.000003, y: 0.999996, z: 1}
  m_Children:
  - {fileID: 6114744999800397435}
  m_Father: {fileID: 5460040025503935054}
  m_RootOrder: 0
  m_LocalEulerAnglesHint: {x: 0, y: 0, z: 0}
--- !u!1 &3877331685423133743
GameObject:
  m_ObjectHideFlags: 0
  m_CorrespondingSourceObject: {fileID: 0}
  m_PrefabInstance: {fileID: 0}
  m_PrefabAsset: {fileID: 0}
  serializedVersion: 6
  m_Component:
  - component: {fileID: 4524016820085780615}
  m_Layer: 12
  m_Name: Base Human001LDigit43
  m_TagString: Untagged
  m_Icon: {fileID: 0}
  m_NavMeshLayer: 0
  m_StaticEditorFlags: 0
  m_IsActive: 1
--- !u!4 &4524016820085780615
Transform:
  m_ObjectHideFlags: 0
  m_CorrespondingSourceObject: {fileID: 0}
  m_PrefabInstance: {fileID: 0}
  m_PrefabAsset: {fileID: 0}
  m_GameObject: {fileID: 3877331685423133743}
  m_LocalRotation: {x: 0.00000012665944, y: -0.000000018626531, z: -0.000000022351832,
    w: 1}
  m_LocalPosition: {x: -0.022846984, y: 0, z: 0}
  m_LocalScale: {x: 0.999996, y: 1.000003, z: 1.000001}
  m_Children: []
  m_Father: {fileID: 6693226004982248839}
  m_RootOrder: 0
  m_LocalEulerAnglesHint: {x: 0, y: 0, z: 0}
--- !u!1 &3909821130502940664
GameObject:
  m_ObjectHideFlags: 0
  m_CorrespondingSourceObject: {fileID: 0}
  m_PrefabInstance: {fileID: 0}
  m_PrefabAsset: {fileID: 0}
  serializedVersion: 6
  m_Component:
  - component: {fileID: 2498008554275633481}
  m_Layer: 12
  m_Name: Base Human001RDigit13
  m_TagString: Untagged
  m_Icon: {fileID: 0}
  m_NavMeshLayer: 0
  m_StaticEditorFlags: 0
  m_IsActive: 1
--- !u!4 &2498008554275633481
Transform:
  m_ObjectHideFlags: 0
  m_CorrespondingSourceObject: {fileID: 0}
  m_PrefabInstance: {fileID: 0}
  m_PrefabAsset: {fileID: 0}
  m_GameObject: {fileID: 3909821130502940664}
  m_LocalRotation: {x: 0.000000014901179, y: 0.000000022351783, z: -3.330679e-16,
    w: 1}
  m_LocalPosition: {x: -0.027196826, y: 0, z: 0}
  m_LocalScale: {x: 0.999998, y: 0.999999, z: 1.000002}
  m_Children: []
  m_Father: {fileID: 8554241868601403312}
  m_RootOrder: 0
  m_LocalEulerAnglesHint: {x: 0, y: 0, z: 0}
--- !u!1 &3978783724108236096
GameObject:
  m_ObjectHideFlags: 0
  m_CorrespondingSourceObject: {fileID: 0}
  m_PrefabInstance: {fileID: 0}
  m_PrefabAsset: {fileID: 0}
  serializedVersion: 6
  m_Component:
  - component: {fileID: 6905961159596748250}
  m_Layer: 12
  m_Name: Base Human001RDigit31
  m_TagString: Untagged
  m_Icon: {fileID: 0}
  m_NavMeshLayer: 0
  m_StaticEditorFlags: 0
  m_IsActive: 1
--- !u!4 &6905961159596748250
Transform:
  m_ObjectHideFlags: 0
  m_CorrespondingSourceObject: {fileID: 0}
  m_PrefabInstance: {fileID: 0}
  m_PrefabAsset: {fileID: 0}
  m_GameObject: {fileID: 3978783724108236096}
  m_LocalRotation: {x: 0.0075742477, y: -0.04295477, z: 0.17348355, w: 0.98387045}
  m_LocalPosition: {x: -0.104007795, y: 0.004367409, z: -0.008895294}
  m_LocalScale: {x: 0.999999, y: 0.999998, z: 1.000002}
  m_Children:
  - {fileID: 6725659128167081818}
  m_Father: {fileID: 2525430419003993437}
  m_RootOrder: 2
  m_LocalEulerAnglesHint: {x: 0, y: 0, z: 0}
--- !u!1 &3990678614126544159
GameObject:
  m_ObjectHideFlags: 0
  m_CorrespondingSourceObject: {fileID: 0}
  m_PrefabInstance: {fileID: 0}
  m_PrefabAsset: {fileID: 0}
  serializedVersion: 6
  m_Component:
  - component: {fileID: 7178602045827404843}
  m_Layer: 12
  m_Name: Base Human001RDigit51
  m_TagString: Untagged
  m_Icon: {fileID: 0}
  m_NavMeshLayer: 0
  m_StaticEditorFlags: 0
  m_IsActive: 1
--- !u!4 &7178602045827404843
Transform:
  m_ObjectHideFlags: 0
  m_CorrespondingSourceObject: {fileID: 0}
  m_PrefabInstance: {fileID: 0}
  m_PrefabAsset: {fileID: 0}
  m_GameObject: {fileID: 3990678614126544159}
  m_LocalRotation: {x: 0.094060995, y: 0.09406229, z: 0.078927696, w: 0.9879652}
  m_LocalPosition: {x: -0.09242134, y: -0.008148994, z: 0.032462344}
  m_LocalScale: {x: 1.000003, y: 0.999999, z: 0.999998}
  m_Children:
  - {fileID: 4130886491246829165}
  m_Father: {fileID: 2525430419003993437}
  m_RootOrder: 4
  m_LocalEulerAnglesHint: {x: 0, y: 0, z: 0}
--- !u!1 &4157001432028891599
GameObject:
  m_ObjectHideFlags: 0
  m_CorrespondingSourceObject: {fileID: 0}
  m_PrefabInstance: {fileID: 0}
  m_PrefabAsset: {fileID: 0}
  serializedVersion: 6
  m_Component:
  - component: {fileID: 3677393522939010827}
  m_Layer: 12
  m_Name: Base Human001LDigit22
  m_TagString: Untagged
  m_Icon: {fileID: 0}
  m_NavMeshLayer: 0
  m_StaticEditorFlags: 0
  m_IsActive: 1
--- !u!4 &3677393522939010827
Transform:
  m_ObjectHideFlags: 0
  m_CorrespondingSourceObject: {fileID: 0}
  m_PrefabInstance: {fileID: 0}
  m_PrefabAsset: {fileID: 0}
  m_GameObject: {fileID: 4157001432028891599}
  m_LocalRotation: {x: 0.000000022351667, y: 0.000000026077135, z: -0.00000001490122,
    w: 1}
  m_LocalPosition: {x: -0.027604235, y: 0.000000114440915, z: 0.000000007152557}
  m_LocalScale: {x: 0.999996, y: 1.000003, z: 1.000001}
  m_Children:
  - {fileID: 5497942218319868308}
  m_Father: {fileID: 3418584479945462653}
  m_RootOrder: 0
  m_LocalEulerAnglesHint: {x: 0, y: 0, z: 0}
--- !u!1 &4204708621116755741
GameObject:
  m_ObjectHideFlags: 0
  m_CorrespondingSourceObject: {fileID: 0}
  m_PrefabInstance: {fileID: 0}
  m_PrefabAsset: {fileID: 0}
  serializedVersion: 6
  m_Component:
  - component: {fileID: 3088731874409245890}
  m_Layer: 12
  m_Name: Base Human001Pelvis
  m_TagString: Untagged
  m_Icon: {fileID: 0}
  m_NavMeshLayer: 0
  m_StaticEditorFlags: 0
  m_IsActive: 1
--- !u!4 &3088731874409245890
Transform:
  m_ObjectHideFlags: 0
  m_CorrespondingSourceObject: {fileID: 0}
  m_PrefabInstance: {fileID: 0}
  m_PrefabAsset: {fileID: 0}
  m_GameObject: {fileID: 4204708621116755741}
  m_LocalRotation: {x: 0.49912268, y: -0.50086725, z: -0.49913114, w: 0.5008759}
  m_LocalPosition: {x: 0.000000044889905, y: 0.94279337, z: -0.04955684}
  m_LocalScale: {x: 1, y: 1, z: 1}
  m_Children:
  - {fileID: 1240818913371707427}
  - {fileID: 7096078014559634021}
  - {fileID: 6538334083068544153}
  m_Father: {fileID: 7310306815048714439}
  m_RootOrder: 1
  m_LocalEulerAnglesHint: {x: 0, y: 0, z: 0}
--- !u!1 &4212446548017505608
GameObject:
  m_ObjectHideFlags: 0
  m_CorrespondingSourceObject: {fileID: 0}
  m_PrefabInstance: {fileID: 0}
  m_PrefabAsset: {fileID: 0}
  serializedVersion: 6
  m_Component:
  - component: {fileID: 4101478100413214247}
  m_Layer: 12
  m_Name: Base Human001LToe
  m_TagString: Untagged
  m_Icon: {fileID: 0}
  m_NavMeshLayer: 0
  m_StaticEditorFlags: 0
  m_IsActive: 1
--- !u!4 &4101478100413214247
Transform:
  m_ObjectHideFlags: 0
  m_CorrespondingSourceObject: {fileID: 0}
  m_PrefabInstance: {fileID: 0}
  m_PrefabAsset: {fileID: 0}
  m_GameObject: {fileID: 4212446548017505608}
  m_LocalRotation: {x: -0.00008014416, y: 0.0008824161, z: -0.024714498, w: 0.99969417}
  m_LocalPosition: {x: -0.1632962, y: 0, z: 0}
  m_LocalScale: {x: 1, y: 1, z: 1}
  m_Children: []
  m_Father: {fileID: 1095154239386690395}
  m_RootOrder: 0
  m_LocalEulerAnglesHint: {x: 0, y: 0, z: 0}
--- !u!1 &4291804434413743228
GameObject:
  m_ObjectHideFlags: 0
  m_CorrespondingSourceObject: {fileID: 0}
  m_PrefabInstance: {fileID: 0}
  m_PrefabAsset: {fileID: 0}
  serializedVersion: 6
  m_Component:
  - component: {fileID: 2525430419003993437}
  m_Layer: 12
  m_Name: Base Human001RPalm
  m_TagString: Untagged
  m_Icon: {fileID: 0}
  m_NavMeshLayer: 0
  m_StaticEditorFlags: 0
  m_IsActive: 1
--- !u!4 &2525430419003993437
Transform:
  m_ObjectHideFlags: 0
  m_CorrespondingSourceObject: {fileID: 0}
  m_PrefabInstance: {fileID: 0}
  m_PrefabAsset: {fileID: 0}
  m_GameObject: {fileID: 4291804434413743228}
  m_LocalRotation: {x: 0.7367088, y: 0.07696626, z: 0.055699367, w: 0.66950274}
  m_LocalPosition: {x: -0.2735008, y: 0, z: -0.000000114440915}
  m_LocalScale: {x: 1.000002, y: 1.000001, z: 0.999997}
  m_Children:
  - {fileID: 9011808846102573724}
  - {fileID: 3893098033169662384}
  - {fileID: 6905961159596748250}
  - {fileID: 9021483551521599682}
  - {fileID: 7178602045827404843}
  m_Father: {fileID: 146645753566918809}
  m_RootOrder: 0
  m_LocalEulerAnglesHint: {x: 0, y: 0, z: 0}
--- !u!1 &4371403225750639820
GameObject:
  m_ObjectHideFlags: 0
  m_CorrespondingSourceObject: {fileID: 0}
  m_PrefabInstance: {fileID: 0}
  m_PrefabAsset: {fileID: 0}
  serializedVersion: 6
  m_Component:
  - component: {fileID: 3021188651782433131}
  m_Layer: 12
  m_Name: Base Human001LPalm
  m_TagString: Untagged
  m_Icon: {fileID: 0}
  m_NavMeshLayer: 0
  m_StaticEditorFlags: 0
  m_IsActive: 1
--- !u!4 &3021188651782433131
Transform:
  m_ObjectHideFlags: 0
  m_CorrespondingSourceObject: {fileID: 0}
  m_PrefabInstance: {fileID: 0}
  m_PrefabAsset: {fileID: 0}
  m_GameObject: {fileID: 4371403225750639820}
  m_LocalRotation: {x: -0.73670876, y: -0.07696638, z: 0.05569947, w: 0.66950285}
  m_LocalPosition: {x: -0.27350074, y: -0.000000028610229, z: 0}
  m_LocalScale: {x: 1.000003, y: 0.999997, z: 1}
  m_Children:
  - {fileID: 1780624414539254708}
  - {fileID: 3418584479945462653}
  - {fileID: 6861217228389904980}
  - {fileID: 8684045305508798338}
  - {fileID: 5460040025503935054}
  m_Father: {fileID: 6695068191548416397}
  m_RootOrder: 0
  m_LocalEulerAnglesHint: {x: 0, y: 0, z: 0}
--- !u!1 &4992778112861270569
GameObject:
  m_ObjectHideFlags: 0
  m_CorrespondingSourceObject: {fileID: 0}
  m_PrefabInstance: {fileID: 0}
  m_PrefabAsset: {fileID: 0}
  serializedVersion: 6
  m_Component:
  - component: {fileID: 5427225088085128894}
  m_Layer: 12
  m_Name: Base Human001RDigit42
  m_TagString: Untagged
  m_Icon: {fileID: 0}
  m_NavMeshLayer: 0
  m_StaticEditorFlags: 0
  m_IsActive: 1
--- !u!4 &5427225088085128894
Transform:
  m_ObjectHideFlags: 0
  m_CorrespondingSourceObject: {fileID: 0}
  m_PrefabInstance: {fileID: 0}
  m_PrefabAsset: {fileID: 0}
  m_GameObject: {fileID: 4992778112861270569}
  m_LocalRotation: {x: -0.0000018961773, y: -0.00012135547, z: 0.00012277062, w: 1}
  m_LocalPosition: {x: -0.027702399, y: 0, z: 0}
  m_LocalScale: {x: 0.999999, y: 0.999999, z: 1.000002}
  m_Children:
  - {fileID: 7906977631723909708}
  m_Father: {fileID: 9021483551521599682}
  m_RootOrder: 0
  m_LocalEulerAnglesHint: {x: 0, y: 0, z: 0}
--- !u!1 &5261973108766444374
GameObject:
  m_ObjectHideFlags: 0
  m_CorrespondingSourceObject: {fileID: 0}
  m_PrefabInstance: {fileID: 0}
  m_PrefabAsset: {fileID: 0}
  serializedVersion: 6
  m_Component:
  - component: {fileID: 8594439029603502659}
  m_Layer: 12
  m_Name: Base Human001RUpperarm
  m_TagString: Untagged
  m_Icon: {fileID: 0}
  m_NavMeshLayer: 0
  m_StaticEditorFlags: 0
  m_IsActive: 1
--- !u!4 &8594439029603502659
Transform:
  m_ObjectHideFlags: 0
  m_CorrespondingSourceObject: {fileID: 0}
  m_PrefabInstance: {fileID: 0}
  m_PrefabAsset: {fileID: 0}
  m_GameObject: {fileID: 5261973108766444374}
  m_LocalRotation: {x: -0.047055494, y: -0.22413707, z: -0.26219773, w: 0.93744373}
  m_LocalPosition: {x: -0.15999995, y: -0.000000028610229, z: 0}
  m_LocalScale: {x: 1, y: 1, z: 0.999999}
  m_Children:
  - {fileID: 146645753566918809}
  m_Father: {fileID: 5309304119755557892}
  m_RootOrder: 0
  m_LocalEulerAnglesHint: {x: 0, y: 0, z: 0}
--- !u!1 &5360078062119081206
GameObject:
  m_ObjectHideFlags: 0
  m_CorrespondingSourceObject: {fileID: 0}
  m_PrefabInstance: {fileID: 0}
  m_PrefabAsset: {fileID: 0}
  serializedVersion: 6
  m_Component:
  - component: {fileID: 3670719782471583710}
  m_Layer: 12
  m_Name: Base Human001RDigit22
  m_TagString: Untagged
  m_Icon: {fileID: 0}
  m_NavMeshLayer: 0
  m_StaticEditorFlags: 0
  m_IsActive: 1
--- !u!4 &3670719782471583710
Transform:
  m_ObjectHideFlags: 0
  m_CorrespondingSourceObject: {fileID: 0}
  m_PrefabInstance: {fileID: 0}
  m_PrefabAsset: {fileID: 0}
  m_GameObject: {fileID: 5360078062119081206}
  m_LocalRotation: {x: 0.00000005587941, y: -0.000000004656621, z: 2.6020924e-16,
    w: 1}
  m_LocalPosition: {x: -0.027604293, y: 0, z: -0.000000007152557}
  m_LocalScale: {x: 0.999998, y: 0.999999, z: 1.000002}
  m_Children:
  - {fileID: 4346614795852934723}
  m_Father: {fileID: 3893098033169662384}
  m_RootOrder: 0
  m_LocalEulerAnglesHint: {x: 0, y: 0, z: 0}
--- !u!1 &5428379796673674386
GameObject:
  m_ObjectHideFlags: 0
  m_CorrespondingSourceObject: {fileID: 0}
  m_PrefabInstance: {fileID: 0}
  m_PrefabAsset: {fileID: 0}
  serializedVersion: 6
  m_Component:
  - component: {fileID: 3418584479945462653}
  m_Layer: 12
  m_Name: Base Human001LDigit21
  m_TagString: Untagged
  m_Icon: {fileID: 0}
  m_NavMeshLayer: 0
  m_StaticEditorFlags: 0
  m_IsActive: 1
--- !u!4 &3418584479945462653
Transform:
  m_ObjectHideFlags: 0
  m_CorrespondingSourceObject: {fileID: 0}
  m_PrefabInstance: {fileID: 0}
  m_PrefabAsset: {fileID: 0}
  m_GameObject: {fileID: 5428379796673674386}
  m_LocalRotation: {x: -0.02266579, y: 0.08640892, z: 0.12854308, w: 0.98767227}
  m_LocalPosition: {x: -0.093764074, y: 0.00014385223, z: 0.030957215}
  m_LocalScale: {x: 0.999997, y: 1.000003, z: 1}
  m_Children:
  - {fileID: 3677393522939010827}
  m_Father: {fileID: 3021188651782433131}
  m_RootOrder: 1
  m_LocalEulerAnglesHint: {x: 0, y: 0, z: 0}
--- !u!1 &5649864943442966246
GameObject:
  m_ObjectHideFlags: 0
  m_CorrespondingSourceObject: {fileID: 0}
  m_PrefabInstance: {fileID: 0}
  m_PrefabAsset: {fileID: 0}
  serializedVersion: 6
  m_Component:
  - component: {fileID: 765659409848147282}
  m_Layer: 12
  m_Name: Base Human001LPlatform
  m_TagString: Untagged
  m_Icon: {fileID: 0}
  m_NavMeshLayer: 0
  m_StaticEditorFlags: 0
  m_IsActive: 1
--- !u!4 &765659409848147282
Transform:
  m_ObjectHideFlags: 0
  m_CorrespondingSourceObject: {fileID: 0}
  m_PrefabInstance: {fileID: 0}
  m_PrefabAsset: {fileID: 0}
  m_GameObject: {fileID: 5649864943442966246}
  m_LocalRotation: {x: 0.50000006, y: -0.4999999, z: -0.49999994, w: 0.5000001}
  m_LocalPosition: {x: -0.08692902, y: 0.0000000011130037, z: 0.0068369354}
  m_LocalScale: {x: 1, y: 1, z: 1}
  m_Children: []
  m_Father: {fileID: 7310306815048714439}
  m_RootOrder: 0
  m_LocalEulerAnglesHint: {x: 0, y: 0, z: 0}
--- !u!1 &5787253984793447606
GameObject:
  m_ObjectHideFlags: 0
  m_CorrespondingSourceObject: {fileID: 0}
  m_PrefabInstance: {fileID: 0}
  m_PrefabAsset: {fileID: 0}
  serializedVersion: 6
  m_Component:
  - component: {fileID: 6538334083068544153}
  m_Layer: 12
  m_Name: Base Human001Spine1
  m_TagString: Untagged
  m_Icon: {fileID: 0}
  m_NavMeshLayer: 0
  m_StaticEditorFlags: 0
  m_IsActive: 1
--- !u!4 &6538334083068544153
Transform:
  m_ObjectHideFlags: 0
  m_CorrespondingSourceObject: {fileID: 0}
  m_PrefabInstance: {fileID: 0}
  m_PrefabAsset: {fileID: 0}
  m_GameObject: {fileID: 5787253984793447606}
  m_LocalRotation: {x: -5.253747e-10, y: 0.000000012719061, z: -0.13904716, w: 0.99028575}
  m_LocalPosition: {x: -0.04467905, y: -0.003418411, z: -0.000000008483949}
  m_LocalScale: {x: 1, y: 1, z: 1}
  m_Children:
  - {fileID: 5262897894452232692}
  m_Father: {fileID: 3088731874409245890}
  m_RootOrder: 2
  m_LocalEulerAnglesHint: {x: 0, y: 0, z: 0}
--- !u!1 &5847673187976777124
GameObject:
  m_ObjectHideFlags: 0
  m_CorrespondingSourceObject: {fileID: 0}
  m_PrefabInstance: {fileID: 0}
  m_PrefabAsset: {fileID: 0}
  serializedVersion: 6
  m_Component:
  - component: {fileID: 6693226004982248839}
  m_Layer: 12
  m_Name: Base Human001LDigit42
  m_TagString: Untagged
  m_Icon: {fileID: 0}
  m_NavMeshLayer: 0
  m_StaticEditorFlags: 0
  m_IsActive: 1
--- !u!4 &6693226004982248839
Transform:
  m_ObjectHideFlags: 0
  m_CorrespondingSourceObject: {fileID: 0}
  m_PrefabInstance: {fileID: 0}
  m_PrefabAsset: {fileID: 0}
  m_GameObject: {fileID: 5847673187976777124}
  m_LocalRotation: {x: 0.0000019408685, y: 0.00012136792, z: 0.00012278586, w: 1}
  m_LocalPosition: {x: -0.027702369, y: 0, z: 0}
  m_LocalScale: {x: 0.999996, y: 1.000003, z: 1.000001}
  m_Children:
  - {fileID: 4524016820085780615}
  m_Father: {fileID: 8684045305508798338}
  m_RootOrder: 0
  m_LocalEulerAnglesHint: {x: 0, y: 0, z: 0}
--- !u!1 &5943814789472802851
GameObject:
  m_ObjectHideFlags: 0
  m_CorrespondingSourceObject: {fileID: 0}
  m_PrefabInstance: {fileID: 0}
  m_PrefabAsset: {fileID: 0}
  serializedVersion: 6
  m_Component:
  - component: {fileID: 5460040025503935054}
  m_Layer: 12
  m_Name: Base Human001LDigit51
  m_TagString: Untagged
  m_Icon: {fileID: 0}
  m_NavMeshLayer: 0
  m_StaticEditorFlags: 0
  m_IsActive: 1
--- !u!4 &5460040025503935054
Transform:
  m_ObjectHideFlags: 0
  m_CorrespondingSourceObject: {fileID: 0}
  m_PrefabInstance: {fileID: 0}
  m_PrefabAsset: {fileID: 0}
  m_GameObject: {fileID: 5943814789472802851}
  m_LocalRotation: {x: -0.094060436, y: -0.09406214, z: 0.07892823, w: 0.9879652}
  m_LocalPosition: {x: -0.09242151, y: -0.00814888, z: -0.03246225}
  m_LocalScale: {x: 1.000004, y: 0.999996, z: 1}
  m_Children:
  - {fileID: 834721345237064770}
  m_Father: {fileID: 3021188651782433131}
  m_RootOrder: 4
  m_LocalEulerAnglesHint: {x: 0, y: 0, z: 0}
--- !u!1 &6020027233179302630
GameObject:
  m_ObjectHideFlags: 0
  m_CorrespondingSourceObject: {fileID: 0}
  m_PrefabInstance: {fileID: 0}
  m_PrefabAsset: {fileID: 0}
  serializedVersion: 6
  m_Component:
  - component: {fileID: 3110143633865543762}
  m_Layer: 12
  m_Name: Base Human001LDigit12
  m_TagString: Untagged
  m_Icon: {fileID: 0}
  m_NavMeshLayer: 0
  m_StaticEditorFlags: 0
  m_IsActive: 1
--- !u!4 &3110143633865543762
Transform:
  m_ObjectHideFlags: 0
  m_CorrespondingSourceObject: {fileID: 0}
  m_PrefabInstance: {fileID: 0}
  m_PrefabAsset: {fileID: 0}
  m_GameObject: {fileID: 6020027233179302630}
  m_LocalRotation: {x: 0.000000044703334, y: 0.000000029802443, z: 0.00000002980244,
    w: 1}
  m_LocalPosition: {x: -0.02719694, y: 0, z: 0}
  m_LocalScale: {x: 0.999996, y: 1.000003, z: 1.000001}
  m_Children:
  - {fileID: 7528102915061862890}
  m_Father: {fileID: 1780624414539254708}
  m_RootOrder: 0
  m_LocalEulerAnglesHint: {x: 0, y: 0, z: 0}
--- !u!1 &6028103585897771747
GameObject:
  m_ObjectHideFlags: 0
  m_CorrespondingSourceObject: {fileID: 0}
  m_PrefabInstance: {fileID: 0}
  m_PrefabAsset: {fileID: 0}
  serializedVersion: 6
  m_Component:
  - component: {fileID: 2932556485695855152}
  - component: {fileID: 1122517572496926259}
  m_Layer: 12
  m_Name: Pelvis
  m_TagString: Untagged
  m_Icon: {fileID: 0}
  m_NavMeshLayer: 0
  m_StaticEditorFlags: 0
  m_IsActive: 1
--- !u!4 &2932556485695855152
Transform:
  m_ObjectHideFlags: 0
  m_CorrespondingSourceObject: {fileID: 0}
  m_PrefabInstance: {fileID: 0}
  m_PrefabAsset: {fileID: 0}
  m_GameObject: {fileID: 6028103585897771747}
  m_LocalRotation: {x: -0.7071068, y: 0, z: -0, w: 0.7071068}
  m_LocalPosition: {x: -0.0006013808, y: 0.92824286, z: -0.014194614}
  m_LocalScale: {x: 1, y: 1, z: 1}
  m_Children: []
  m_Father: {fileID: 7310306815048714439}
  m_RootOrder: 9
  m_LocalEulerAnglesHint: {x: 0, y: 0, z: 0}
--- !u!137 &1122517572496926259
SkinnedMeshRenderer:
  m_ObjectHideFlags: 0
  m_CorrespondingSourceObject: {fileID: 0}
  m_PrefabInstance: {fileID: 0}
  m_PrefabAsset: {fileID: 0}
  m_GameObject: {fileID: 6028103585897771747}
  m_Enabled: 1
  m_CastShadows: 1
  m_ReceiveShadows: 1
  m_DynamicOccludee: 1
  m_MotionVectors: 1
  m_LightProbeUsage: 1
  m_ReflectionProbeUsage: 1
  m_RenderingLayerMask: 1
  m_RendererPriority: 0
  m_Materials:
  - {fileID: 2100000, guid: c50b35a7e1edad54ab7cfbbcc7090059, type: 2}
  m_StaticBatchInfo:
    firstSubMesh: 0
    subMeshCount: 0
  m_StaticBatchRoot: {fileID: 0}
  m_ProbeAnchor: {fileID: 0}
  m_LightProbeVolumeOverride: {fileID: 0}
  m_ScaleInLightmap: 1
  m_PreserveUVs: 0
  m_IgnoreNormalsForChartDetection: 0
  m_ImportantGI: 0
  m_StitchLightmapSeams: 0
  m_SelectedEditorRenderState: 3
  m_MinimumChartSize: 4
  m_AutoUVMaxDistance: 0.5
  m_AutoUVMaxAngle: 89
  m_LightmapParameters: {fileID: 0}
  m_SortingLayerID: 0
  m_SortingLayer: 0
  m_SortingOrder: 0
  serializedVersion: 2
  m_Quality: 0
  m_UpdateWhenOffscreen: 0
  m_SkinnedMotionVectors: 1
  m_Mesh: {fileID: 4300020, guid: 6dc0e37f76efab64c9d21532cf2fbcbe, type: 3}
  m_Bones:
  - {fileID: 6538334083068544153}
  - {fileID: 7096078014559634021}
  - {fileID: 3088731874409245890}
  - {fileID: 1240818913371707427}
  - {fileID: 4101478100413214247}
  - {fileID: 1095154239386690395}
  - {fileID: 711530017994921872}
  - {fileID: 1802482887507806093}
  - {fileID: 4655166482288360753}
  - {fileID: 9222291980585623754}
  - {fileID: 765659409848147282}
  - {fileID: 5262897894452232692}
  - {fileID: 293733410022217773}
  - {fileID: 2247009165191123350}
  - {fileID: 1973643020218283013}
  - {fileID: 1803701653569682464}
  - {fileID: 6695068191548416397}
  - {fileID: 3021188651782433131}
  - {fileID: 1780624414539254708}
  - {fileID: 3110143633865543762}
  m_BlendShapeWeights: []
  m_RootBone: {fileID: 3088731874409245890}
  m_AABB:
    m_Center: {x: -0.009699538, y: 0.03426811, z: 0.00079039484}
    m_Extent: {x: 0.2519232, y: 0.18583372, z: 0.18704307}
  m_DirtyAABB: 0
--- !u!1 &6197021350305829931
GameObject:
  m_ObjectHideFlags: 0
  m_CorrespondingSourceObject: {fileID: 0}
  m_PrefabInstance: {fileID: 0}
  m_PrefabAsset: {fileID: 0}
  serializedVersion: 6
  m_Component:
  - component: {fileID: 5497942218319868308}
  m_Layer: 12
  m_Name: Base Human001LDigit23
  m_TagString: Untagged
  m_Icon: {fileID: 0}
  m_NavMeshLayer: 0
  m_StaticEditorFlags: 0
  m_IsActive: 1
--- !u!4 &5497942218319868308
Transform:
  m_ObjectHideFlags: 0
  m_CorrespondingSourceObject: {fileID: 0}
  m_PrefabInstance: {fileID: 0}
  m_PrefabAsset: {fileID: 0}
  m_GameObject: {fileID: 6197021350305829931}
  m_LocalRotation: {x: 0.00000002980222, y: -0.000000008381937, z: -0.00000001490122,
    w: 1}
  m_LocalPosition: {x: -0.028705787, y: 0, z: 0}
  m_LocalScale: {x: 0.999996, y: 1.000003, z: 1.000001}
  m_Children: []
  m_Father: {fileID: 3677393522939010827}
  m_RootOrder: 0
  m_LocalEulerAnglesHint: {x: 0, y: 0, z: 0}
--- !u!1 &6240570469018722302
GameObject:
  m_ObjectHideFlags: 0
  m_CorrespondingSourceObject: {fileID: 0}
  m_PrefabInstance: {fileID: 0}
  m_PrefabAsset: {fileID: 0}
  serializedVersion: 6
  m_Component:
  - component: {fileID: 142615151058678795}
  - component: {fileID: 7765613475005917798}
  m_Layer: 12
  m_Name: RElbow
  m_TagString: Untagged
  m_Icon: {fileID: 0}
  m_NavMeshLayer: 0
  m_StaticEditorFlags: 0
  m_IsActive: 1
--- !u!4 &142615151058678795
Transform:
  m_ObjectHideFlags: 0
  m_CorrespondingSourceObject: {fileID: 0}
  m_PrefabInstance: {fileID: 0}
  m_PrefabAsset: {fileID: 0}
  m_GameObject: {fileID: 6240570469018722302}
  m_LocalRotation: {x: -0.7071068, y: 0, z: -0, w: 0.7071068}
  m_LocalPosition: {x: 0.4053387, y: 1.4231261, z: -0.07560883}
  m_LocalScale: {x: 1, y: 1, z: 1}
  m_Children: []
  m_Father: {fileID: 7310306815048714439}
  m_RootOrder: 10
  m_LocalEulerAnglesHint: {x: 0, y: 0, z: 0}
--- !u!137 &7765613475005917798
SkinnedMeshRenderer:
  m_ObjectHideFlags: 0
  m_CorrespondingSourceObject: {fileID: 0}
  m_PrefabInstance: {fileID: 0}
  m_PrefabAsset: {fileID: 0}
  m_GameObject: {fileID: 6240570469018722302}
  m_Enabled: 1
  m_CastShadows: 1
  m_ReceiveShadows: 1
  m_DynamicOccludee: 1
  m_MotionVectors: 1
  m_LightProbeUsage: 1
  m_ReflectionProbeUsage: 1
  m_RenderingLayerMask: 1
  m_RendererPriority: 0
  m_Materials:
  - {fileID: 2100000, guid: c50b35a7e1edad54ab7cfbbcc7090059, type: 2}
  m_StaticBatchInfo:
    firstSubMesh: 0
    subMeshCount: 0
  m_StaticBatchRoot: {fileID: 0}
  m_ProbeAnchor: {fileID: 0}
  m_LightProbeVolumeOverride: {fileID: 0}
  m_ScaleInLightmap: 1
  m_PreserveUVs: 0
  m_IgnoreNormalsForChartDetection: 0
  m_ImportantGI: 0
  m_StitchLightmapSeams: 0
  m_SelectedEditorRenderState: 3
  m_MinimumChartSize: 4
  m_AutoUVMaxDistance: 0.5
  m_AutoUVMaxAngle: 89
  m_LightmapParameters: {fileID: 0}
  m_SortingLayerID: 0
  m_SortingLayer: 0
  m_SortingOrder: 0
  serializedVersion: 2
  m_Quality: 0
  m_UpdateWhenOffscreen: 0
  m_SkinnedMotionVectors: 1
  m_Mesh: {fileID: 4300006, guid: 6dc0e37f76efab64c9d21532cf2fbcbe, type: 3}
  m_Bones:
  - {fileID: 8594439029603502659}
  - {fileID: 146645753566918809}
  - {fileID: 1240818913371707427}
  - {fileID: 711530017994921872}
  - {fileID: 1095154239386690395}
  - {fileID: 4101478100413214247}
  - {fileID: 7096078014559634021}
  - {fileID: 1802482887507806093}
  - {fileID: 4655166482288360753}
  - {fileID: 9222291980585623754}
  - {fileID: 6538334083068544153}
  - {fileID: 5262897894452232692}
  - {fileID: 293733410022217773}
  - {fileID: 2247009165191123350}
  - {fileID: 1973643020218283013}
  - {fileID: 1803701653569682464}
  - {fileID: 6695068191548416397}
  - {fileID: 3021188651782433131}
  - {fileID: 3088731874409245890}
  - {fileID: 3110143633865543762}
  m_BlendShapeWeights: []
  m_RootBone: {fileID: 3088731874409245890}
  m_AABB:
    m_Center: {x: -0.47771984, y: -0.028576575, z: -0.399826}
    m_Extent: {x: 0.07911442, y: 0.07650544, z: 0.15261243}
  m_DirtyAABB: 0
--- !u!1 &6487038763478343847
GameObject:
  m_ObjectHideFlags: 0
  m_CorrespondingSourceObject: {fileID: 0}
  m_PrefabInstance: {fileID: 0}
  m_PrefabAsset: {fileID: 0}
  serializedVersion: 6
  m_Component:
  - component: {fileID: 6725659128167081818}
  m_Layer: 12
  m_Name: Base Human001RDigit32
  m_TagString: Untagged
  m_Icon: {fileID: 0}
  m_NavMeshLayer: 0
  m_StaticEditorFlags: 0
  m_IsActive: 1
--- !u!4 &6725659128167081818
Transform:
  m_ObjectHideFlags: 0
  m_CorrespondingSourceObject: {fileID: 0}
  m_PrefabInstance: {fileID: 0}
  m_PrefabAsset: {fileID: 0}
  m_GameObject: {fileID: 6487038763478343847}
  m_LocalRotation: {x: 0.000000052154117, y: -0.000000035390308, z: 1.8457502e-15,
    w: 1}
  m_LocalPosition: {x: -0.031608697, y: 0, z: 0}
  m_LocalScale: {x: 0.999999, y: 0.999999, z: 1.000002}
  m_Children:
  - {fileID: 9040005300137659887}
  m_Father: {fileID: 6905961159596748250}
  m_RootOrder: 0
  m_LocalEulerAnglesHint: {x: 0, y: 0, z: 0}
--- !u!1 &6510022684885253742
GameObject:
  m_ObjectHideFlags: 0
  m_CorrespondingSourceObject: {fileID: 0}
  m_PrefabInstance: {fileID: 0}
  m_PrefabAsset: {fileID: 0}
  serializedVersion: 6
  m_Component:
  - component: {fileID: 7310306815048714439}
  - component: {fileID: 1558824915684237652}
  - component: {fileID: 613847636269608011}
  - component: {fileID: 5174619505628352810}
  - component: {fileID: 466890760454384732}
  - component: {fileID: 9057902280469392639}
  m_Layer: 12
  m_Name: Zombie Girl 1A
  m_TagString: Enemy
  m_Icon: {fileID: 0}
  m_NavMeshLayer: 0
  m_StaticEditorFlags: 0
  m_IsActive: 0
--- !u!4 &7310306815048714439
Transform:
  m_ObjectHideFlags: 0
  m_CorrespondingSourceObject: {fileID: 0}
  m_PrefabInstance: {fileID: 0}
  m_PrefabAsset: {fileID: 0}
  m_GameObject: {fileID: 6510022684885253742}
  m_LocalRotation: {x: -0, y: 1, z: -0, w: 0}
  m_LocalPosition: {x: 0, y: 0, z: 8.21}
  m_LocalScale: {x: 1, y: 1, z: 1}
  m_Children:
  - {fileID: 765659409848147282}
  - {fileID: 3088731874409245890}
  - {fileID: 8155825485637465654}
  - {fileID: 8526239702246330159}
  - {fileID: 959410698412524583}
  - {fileID: 2587058036070528214}
  - {fileID: 4727919227172086626}
  - {fileID: 5820249407374626275}
  - {fileID: 3224557912171032635}
  - {fileID: 2932556485695855152}
  - {fileID: 142615151058678795}
  - {fileID: 4250527910637523070}
  - {fileID: 4837581282240245868}
  - {fileID: 4347230415267300505}
  m_Father: {fileID: 0}
  m_RootOrder: 0
  m_LocalEulerAnglesHint: {x: 0, y: 180, z: 0}
--- !u!95 &1558824915684237652
Animator:
  serializedVersion: 3
  m_ObjectHideFlags: 0
  m_CorrespondingSourceObject: {fileID: 0}
  m_PrefabInstance: {fileID: 0}
  m_PrefabAsset: {fileID: 0}
  m_GameObject: {fileID: 6510022684885253742}
  m_Enabled: 1
  m_Avatar: {fileID: 9000000, guid: 6dc0e37f76efab64c9d21532cf2fbcbe, type: 3}
  m_Controller: {fileID: 9100000, guid: e33b457d8e22bdd46b2eabde04ebaf44, type: 2}
  m_CullingMode: 1
  m_UpdateMode: 0
  m_ApplyRootMotion: 0
  m_LinearVelocityBlending: 0
  m_WarningMessage: 
  m_HasTransformHierarchy: 1
  m_AllowConstantClipSamplingOptimization: 1
  m_KeepAnimatorControllerStateOnDisable: 0
--- !u!135 &613847636269608011
SphereCollider:
  m_ObjectHideFlags: 0
  m_CorrespondingSourceObject: {fileID: 0}
  m_PrefabInstance: {fileID: 0}
  m_PrefabAsset: {fileID: 0}
  m_GameObject: {fileID: 6510022684885253742}
  m_Material: {fileID: 0}
  m_IsTrigger: 0
  m_Enabled: 1
  serializedVersion: 2
  m_Radius: 0.09
  m_Center: {x: -0.01, y: 1.62, z: 0}
--- !u!143 &5174619505628352810
CharacterController:
  m_ObjectHideFlags: 0
  m_CorrespondingSourceObject: {fileID: 0}
  m_PrefabInstance: {fileID: 0}
  m_PrefabAsset: {fileID: 0}
  m_GameObject: {fileID: 6510022684885253742}
  m_Material: {fileID: 0}
  m_IsTrigger: 0
  m_Enabled: 1
  serializedVersion: 2
  m_Height: 1.65
  m_Radius: 0.25
  m_SlopeLimit: 45
  m_StepOffset: 0.3
  m_SkinWidth: 0.08
  m_MinMoveDistance: 0
  m_Center: {x: 0, y: 0.75, z: 0}
--- !u!195 &466890760454384732
NavMeshAgent:
  m_ObjectHideFlags: 0
  m_CorrespondingSourceObject: {fileID: 0}
  m_PrefabInstance: {fileID: 0}
  m_PrefabAsset: {fileID: 0}
  m_GameObject: {fileID: 6510022684885253742}
  m_Enabled: 1
  m_AgentTypeID: 0
  m_Radius: 0.2
  m_Speed: 3.5
  m_Acceleration: 8
  avoidancePriority: 50
  m_AngularSpeed: 120
  m_StoppingDistance: 0
  m_AutoTraverseOffMeshLink: 1
  m_AutoBraking: 1
  m_AutoRepath: 1
  m_Height: 1.7
  m_BaseOffset: -0.09
  m_WalkableMask: 4294967295
  m_ObstacleAvoidanceType: 4
--- !u!114 &9057902280469392639
MonoBehaviour:
  m_ObjectHideFlags: 0
  m_CorrespondingSourceObject: {fileID: 0}
  m_PrefabInstance: {fileID: 0}
  m_PrefabAsset: {fileID: 0}
  m_GameObject: {fileID: 6510022684885253742}
  m_Enabled: 1
  m_EditorHideFlags: 0
  m_Script: {fileID: 11500000, guid: a92b2d23b48d2f149976cd99294fa207, type: 3}
  m_Name: 
  m_EditorClassIdentifier: 
  attackDistance: 2
  alertAttackDistance: 8
  followDistance: 15
  enemyCurrentState: 0
--- !u!1 &6658658312448827937
GameObject:
  m_ObjectHideFlags: 0
  m_CorrespondingSourceObject: {fileID: 0}
  m_PrefabInstance: {fileID: 0}
  m_PrefabAsset: {fileID: 0}
  serializedVersion: 6
  m_Component:
  - component: {fileID: 959410698412524583}
  - component: {fileID: 7931823760930353062}
  m_Layer: 12
  m_Name: Head
  m_TagString: Untagged
  m_Icon: {fileID: 0}
  m_NavMeshLayer: 0
  m_StaticEditorFlags: 0
  m_IsActive: 1
--- !u!4 &959410698412524583
Transform:
  m_ObjectHideFlags: 0
  m_CorrespondingSourceObject: {fileID: 0}
  m_PrefabInstance: {fileID: 0}
  m_PrefabAsset: {fileID: 0}
  m_GameObject: {fileID: 6658658312448827937}
  m_LocalRotation: {x: -0.7071068, y: 0, z: -0, w: 0.7071068}
  m_LocalPosition: {x: -0.0012490375, y: 1.6, z: -0.0066051725}
  m_LocalScale: {x: 1, y: 1, z: 1}
  m_Children: []
  m_Father: {fileID: 7310306815048714439}
  m_RootOrder: 4
  m_LocalEulerAnglesHint: {x: 0, y: 0, z: 0}
--- !u!137 &7931823760930353062
SkinnedMeshRenderer:
  m_ObjectHideFlags: 0
  m_CorrespondingSourceObject: {fileID: 0}
  m_PrefabInstance: {fileID: 0}
  m_PrefabAsset: {fileID: 0}
  m_GameObject: {fileID: 6658658312448827937}
  m_Enabled: 1
  m_CastShadows: 1
  m_ReceiveShadows: 1
  m_DynamicOccludee: 1
  m_MotionVectors: 1
  m_LightProbeUsage: 1
  m_ReflectionProbeUsage: 1
  m_RenderingLayerMask: 1
  m_RendererPriority: 0
  m_Materials:
  - {fileID: 2100000, guid: c50b35a7e1edad54ab7cfbbcc7090059, type: 2}
  m_StaticBatchInfo:
    firstSubMesh: 0
    subMeshCount: 0
  m_StaticBatchRoot: {fileID: 0}
  m_ProbeAnchor: {fileID: 0}
  m_LightProbeVolumeOverride: {fileID: 0}
  m_ScaleInLightmap: 1
  m_PreserveUVs: 0
  m_IgnoreNormalsForChartDetection: 0
  m_ImportantGI: 0
  m_StitchLightmapSeams: 0
  m_SelectedEditorRenderState: 3
  m_MinimumChartSize: 4
  m_AutoUVMaxDistance: 0.5
  m_AutoUVMaxAngle: 89
  m_LightmapParameters: {fileID: 0}
  m_SortingLayerID: 0
  m_SortingLayer: 0
  m_SortingOrder: 0
  serializedVersion: 2
  m_Quality: 0
  m_UpdateWhenOffscreen: 0
  m_SkinnedMotionVectors: 1
  m_Mesh: {fileID: 4300018, guid: 6dc0e37f76efab64c9d21532cf2fbcbe, type: 3}
  m_Bones:
  - {fileID: 7460331522141030153}
  - {fileID: 9175179793603625471}
  - {fileID: 5309304119755557892}
  - {fileID: 1973643020218283013}
  - {fileID: 1095154239386690395}
  - {fileID: 4101478100413214247}
  - {fileID: 7096078014559634021}
  - {fileID: 1802482887507806093}
  - {fileID: 4655166482288360753}
  - {fileID: 9222291980585623754}
  - {fileID: 6538334083068544153}
  - {fileID: 5262897894452232692}
  - {fileID: 293733410022217773}
  - {fileID: 2247009165191123350}
  - {fileID: 711530017994921872}
  - {fileID: 1803701653569682464}
  - {fileID: 6695068191548416397}
  - {fileID: 1240818913371707427}
  - {fileID: 1780624414539254708}
  - {fileID: 3110143633865543762}
  - {fileID: 3088731874409245890}
  m_BlendShapeWeights: []
  m_RootBone: {fileID: 3088731874409245890}
  m_AABB:
    m_Center: {x: -0.633784, y: 0.053477556, z: 0.010788865}
    m_Extent: {x: 0.21557736, y: 0.18871883, z: 0.2105535}
  m_DirtyAABB: 0
--- !u!1 &6921996691084479830
GameObject:
  m_ObjectHideFlags: 0
  m_CorrespondingSourceObject: {fileID: 0}
  m_PrefabInstance: {fileID: 0}
  m_PrefabAsset: {fileID: 0}
  serializedVersion: 6
  m_Component:
  - component: {fileID: 9175179793603625471}
  m_Layer: 12
  m_Name: Base Human001Neck
  m_TagString: Untagged
  m_Icon: {fileID: 0}
  m_NavMeshLayer: 0
  m_StaticEditorFlags: 0
  m_IsActive: 1
--- !u!4 &9175179793603625471
Transform:
  m_ObjectHideFlags: 0
  m_CorrespondingSourceObject: {fileID: 0}
  m_PrefabInstance: {fileID: 0}
  m_PrefabAsset: {fileID: 0}
  m_GameObject: {fileID: 6921996691084479830}
  m_LocalRotation: {x: 3.9068103e-11, y: 0.000000010876001, z: -2.2737414e-13, w: 1}
  m_LocalPosition: {x: -0.000795021, y: -0.003500558, z: -0.000000006722657}
  m_LocalScale: {x: 1, y: 1, z: 1}
  m_Children:
  - {fileID: 7460331522141030153}
  m_Father: {fileID: 2247009165191123350}
  m_RootOrder: 1
  m_LocalEulerAnglesHint: {x: 0, y: 0, z: 0}
--- !u!1 &6952795325579954656
GameObject:
  m_ObjectHideFlags: 0
  m_CorrespondingSourceObject: {fileID: 0}
  m_PrefabInstance: {fileID: 0}
  m_PrefabAsset: {fileID: 0}
  serializedVersion: 6
  m_Component:
  - component: {fileID: 146645753566918809}
  m_Layer: 12
  m_Name: Base Human001RForearm
  m_TagString: Untagged
  m_Icon: {fileID: 0}
  m_NavMeshLayer: 0
  m_StaticEditorFlags: 0
  m_IsActive: 1
--- !u!4 &146645753566918809
Transform:
  m_ObjectHideFlags: 0
  m_CorrespondingSourceObject: {fileID: 0}
  m_PrefabInstance: {fileID: 0}
  m_PrefabAsset: {fileID: 0}
  m_GameObject: {fileID: 6952795325579954656}
  m_LocalRotation: {x: -0.07282347, y: 0.061773553, z: -0.12175101, w: 0.9879562}
  m_LocalPosition: {x: -0.30259436, y: -0.000000007152557, z: 0}
  m_LocalScale: {x: 1, y: 1.000001, z: 1}
  m_Children:
  - {fileID: 2525430419003993437}
  m_Father: {fileID: 8594439029603502659}
  m_RootOrder: 0
  m_LocalEulerAnglesHint: {x: 0, y: 0, z: 0}
--- !u!1 &7035988000903652678
GameObject:
  m_ObjectHideFlags: 0
  m_CorrespondingSourceObject: {fileID: 0}
  m_PrefabInstance: {fileID: 0}
  m_PrefabAsset: {fileID: 0}
  serializedVersion: 6
  m_Component:
  - component: {fileID: 1646086162525742710}
  m_Layer: 12
  m_Name: Base Human001LDigit33
  m_TagString: Untagged
  m_Icon: {fileID: 0}
  m_NavMeshLayer: 0
  m_StaticEditorFlags: 0
  m_IsActive: 1
--- !u!4 &1646086162525742710
Transform:
  m_ObjectHideFlags: 0
  m_CorrespondingSourceObject: {fileID: 0}
  m_PrefabInstance: {fileID: 0}
  m_PrefabAsset: {fileID: 0}
  m_GameObject: {fileID: 7035988000903652678}
  m_LocalRotation: {x: 0.000000005587917, y: -0.0000000265428, z: 1.4831895e-16, w: 1}
  m_LocalPosition: {x: -0.023299884, y: 0, z: -0.000000007152557}
  m_LocalScale: {x: 0.999996, y: 1.000003, z: 1.000001}
  m_Children: []
  m_Father: {fileID: 7962573890845215634}
  m_RootOrder: 0
  m_LocalEulerAnglesHint: {x: 0, y: 0, z: 0}
--- !u!1 &7066987047455352919
GameObject:
  m_ObjectHideFlags: 0
  m_CorrespondingSourceObject: {fileID: 0}
  m_PrefabInstance: {fileID: 0}
  m_PrefabAsset: {fileID: 0}
  serializedVersion: 6
  m_Component:
  - component: {fileID: 6114744999800397435}
  m_Layer: 12
  m_Name: Base Human001LDigit53
  m_TagString: Untagged
  m_Icon: {fileID: 0}
  m_NavMeshLayer: 0
  m_StaticEditorFlags: 0
  m_IsActive: 1
--- !u!4 &6114744999800397435
Transform:
  m_ObjectHideFlags: 0
  m_CorrespondingSourceObject: {fileID: 0}
  m_PrefabInstance: {fileID: 0}
  m_PrefabAsset: {fileID: 0}
  m_GameObject: {fileID: 7066987047455352919}
  m_LocalRotation: {x: 0.000000007450612, y: 0.000000011175833, z: -8.326678e-17,
    w: 1}
  m_LocalPosition: {x: -0.022183398, y: 0, z: 0}
  m_LocalScale: {x: 1.000003, y: 0.999996, z: 1}
  m_Children: []
  m_Father: {fileID: 834721345237064770}
  m_RootOrder: 0
  m_LocalEulerAnglesHint: {x: 0, y: 0, z: 0}
--- !u!1 &7076489205176775892
GameObject:
  m_ObjectHideFlags: 0
  m_CorrespondingSourceObject: {fileID: 0}
  m_PrefabInstance: {fileID: 0}
  m_PrefabAsset: {fileID: 0}
  serializedVersion: 6
  m_Component:
  - component: {fileID: 1973643020218283013}
  m_Layer: 12
  m_Name: Base Human001LCollarbone
  m_TagString: Untagged
  m_Icon: {fileID: 0}
  m_NavMeshLayer: 0
  m_StaticEditorFlags: 0
  m_IsActive: 1
--- !u!4 &1973643020218283013
Transform:
  m_ObjectHideFlags: 0
  m_CorrespondingSourceObject: {fileID: 0}
  m_PrefabInstance: {fileID: 0}
  m_PrefabAsset: {fileID: 0}
  m_GameObject: {fileID: 7076489205176775892}
  m_LocalRotation: {x: 0.2069988, y: 0.55512476, z: 0.25932398, w: 0.7627182}
  m_LocalPosition: {x: 0.02657341, y: 0.08681512, z: 0.015056414}
  m_LocalScale: {x: 1, y: 1, z: 1}
  m_Children:
  - {fileID: 1803701653569682464}
  m_Father: {fileID: 2247009165191123350}
  m_RootOrder: 0
  m_LocalEulerAnglesHint: {x: 0, y: 0, z: 0}
--- !u!1 &7097026992717884118
GameObject:
  m_ObjectHideFlags: 0
  m_CorrespondingSourceObject: {fileID: 0}
  m_PrefabInstance: {fileID: 0}
  m_PrefabAsset: {fileID: 0}
  serializedVersion: 6
  m_Component:
  - component: {fileID: 7460331522141030153}
  m_Layer: 12
  m_Name: Base Human001Head
  m_TagString: Untagged
  m_Icon: {fileID: 0}
  m_NavMeshLayer: 0
  m_StaticEditorFlags: 0
  m_IsActive: 1
--- !u!4 &7460331522141030153
Transform:
  m_ObjectHideFlags: 0
  m_CorrespondingSourceObject: {fileID: 0}
  m_PrefabInstance: {fileID: 0}
  m_PrefabAsset: {fileID: 0}
  m_GameObject: {fileID: 7097026992717884118}
  m_LocalRotation: {x: -4.5732115e-14, y: -1.4210855e-14, z: -6.4989244e-28, w: 1}
  m_LocalPosition: {x: -0.12849747, y: 0, z: 0}
  m_LocalScale: {x: 1, y: 1, z: 1}
  m_Children: []
  m_Father: {fileID: 9175179793603625471}
  m_RootOrder: 0
  m_LocalEulerAnglesHint: {x: 0, y: 0, z: 0}
--- !u!1 &7483869074556436636
GameObject:
  m_ObjectHideFlags: 0
  m_CorrespondingSourceObject: {fileID: 0}
  m_PrefabInstance: {fileID: 0}
  m_PrefabAsset: {fileID: 0}
  serializedVersion: 6
  m_Component:
  - component: {fileID: 4130886491246829165}
  m_Layer: 12
  m_Name: Base Human001RDigit52
  m_TagString: Untagged
  m_Icon: {fileID: 0}
  m_NavMeshLayer: 0
  m_StaticEditorFlags: 0
  m_IsActive: 1
--- !u!4 &4130886491246829165
Transform:
  m_ObjectHideFlags: 0
  m_CorrespondingSourceObject: {fileID: 0}
  m_PrefabInstance: {fileID: 0}
  m_PrefabAsset: {fileID: 0}
  m_GameObject: {fileID: 7483869074556436636}
  m_LocalRotation: {x: -0.0000000670553, y: -0.0000000037252794, z: -0.000000022351687,
    w: 1}
  m_LocalPosition: {x: -0.025932997, y: 0.000000114440915, z: 0.000000028610229}
  m_LocalScale: {x: 1.000003, y: 0.999999, z: 0.999998}
  m_Children:
  - {fileID: 2810153561147052034}
  m_Father: {fileID: 7178602045827404843}
  m_RootOrder: 0
  m_LocalEulerAnglesHint: {x: 0, y: 0, z: 0}
--- !u!1 &7718833134329863439
GameObject:
  m_ObjectHideFlags: 0
  m_CorrespondingSourceObject: {fileID: 0}
  m_PrefabInstance: {fileID: 0}
  m_PrefabAsset: {fileID: 0}
  serializedVersion: 6
  m_Component:
  - component: {fileID: 9222291980585623754}
  m_Layer: 12
  m_Name: Base Human001RDigit11
  m_TagString: Untagged
  m_Icon: {fileID: 0}
  m_NavMeshLayer: 0
  m_StaticEditorFlags: 0
  m_IsActive: 1
--- !u!4 &9222291980585623754
Transform:
  m_ObjectHideFlags: 0
  m_CorrespondingSourceObject: {fileID: 0}
  m_PrefabInstance: {fileID: 0}
  m_PrefabAsset: {fileID: 0}
  m_GameObject: {fileID: 7718833134329863439}
  m_LocalRotation: {x: 0.00006740162, y: -0.00036491576, z: -0.024702294, w: 0.99969476}
  m_LocalPosition: {x: -0.16329618, y: 0, z: 0}
  m_LocalScale: {x: 1, y: 1, z: 1}
  m_Children: []
  m_Father: {fileID: 4655166482288360753}
  m_RootOrder: 0
  m_LocalEulerAnglesHint: {x: 0, y: 0, z: 0}
--- !u!1 &8254905102284387265
GameObject:
  m_ObjectHideFlags: 0
  m_CorrespondingSourceObject: {fileID: 0}
  m_PrefabInstance: {fileID: 0}
  m_PrefabAsset: {fileID: 0}
  serializedVersion: 6
  m_Component:
  - component: {fileID: 4655166482288360753}
  m_Layer: 12
  m_Name: Base Human001RFoot
  m_TagString: Untagged
  m_Icon: {fileID: 0}
  m_NavMeshLayer: 0
  m_StaticEditorFlags: 0
  m_IsActive: 1
--- !u!4 &4655166482288360753
Transform:
  m_ObjectHideFlags: 0
  m_CorrespondingSourceObject: {fileID: 0}
  m_PrefabInstance: {fileID: 0}
  m_PrefabAsset: {fileID: 0}
  m_GameObject: {fileID: 8254905102284387265}
  m_LocalRotation: {x: 0.0039662803, y: 0.0040257857, z: -0.7641792, w: 0.6449792}
  m_LocalPosition: {x: -0.4832203, y: 0, z: 0}
  m_LocalScale: {x: 1, y: 1, z: 1}
  m_Children:
  - {fileID: 9222291980585623754}
  m_Father: {fileID: 1802482887507806093}
  m_RootOrder: 0
  m_LocalEulerAnglesHint: {x: 0, y: 0, z: 0}
--- !u!1 &8272039792284254678
GameObject:
  m_ObjectHideFlags: 0
  m_CorrespondingSourceObject: {fileID: 0}
  m_PrefabInstance: {fileID: 0}
  m_PrefabAsset: {fileID: 0}
  serializedVersion: 6
  m_Component:
  - component: {fileID: 4727919227172086626}
  - component: {fileID: 6740037260175796027}
  m_Layer: 12
  m_Name: LFoot
  m_TagString: Untagged
  m_Icon: {fileID: 0}
  m_NavMeshLayer: 0
  m_StaticEditorFlags: 0
  m_IsActive: 1
--- !u!4 &4727919227172086626
Transform:
  m_ObjectHideFlags: 0
  m_CorrespondingSourceObject: {fileID: 0}
  m_PrefabInstance: {fileID: 0}
  m_PrefabAsset: {fileID: 0}
  m_GameObject: {fileID: 8272039792284254678}
  m_LocalRotation: {x: -0.7071068, y: 0, z: -0, w: 0.7071068}
  m_LocalPosition: {x: -0.089136526, y: 0.14370969, z: 0.0046855803}
  m_LocalScale: {x: 1, y: 1, z: 1}
  m_Children: []
  m_Father: {fileID: 7310306815048714439}
  m_RootOrder: 6
  m_LocalEulerAnglesHint: {x: 0, y: 0, z: 0}
--- !u!137 &6740037260175796027
SkinnedMeshRenderer:
  m_ObjectHideFlags: 0
  m_CorrespondingSourceObject: {fileID: 0}
  m_PrefabInstance: {fileID: 0}
  m_PrefabAsset: {fileID: 0}
  m_GameObject: {fileID: 8272039792284254678}
  m_Enabled: 1
  m_CastShadows: 1
  m_ReceiveShadows: 1
  m_DynamicOccludee: 1
  m_MotionVectors: 1
  m_LightProbeUsage: 1
  m_ReflectionProbeUsage: 1
  m_RenderingLayerMask: 1
  m_RendererPriority: 0
  m_Materials:
  - {fileID: 2100000, guid: c50b35a7e1edad54ab7cfbbcc7090059, type: 2}
  m_StaticBatchInfo:
    firstSubMesh: 0
    subMeshCount: 0
  m_StaticBatchRoot: {fileID: 0}
  m_ProbeAnchor: {fileID: 0}
  m_LightProbeVolumeOverride: {fileID: 0}
  m_ScaleInLightmap: 1
  m_PreserveUVs: 0
  m_IgnoreNormalsForChartDetection: 0
  m_ImportantGI: 0
  m_StitchLightmapSeams: 0
  m_SelectedEditorRenderState: 3
  m_MinimumChartSize: 4
  m_AutoUVMaxDistance: 0.5
  m_AutoUVMaxAngle: 89
  m_LightmapParameters: {fileID: 0}
  m_SortingLayerID: 0
  m_SortingLayer: 0
  m_SortingOrder: 0
  serializedVersion: 2
  m_Quality: 0
  m_UpdateWhenOffscreen: 0
  m_SkinnedMotionVectors: 1
  m_Mesh: {fileID: 4300014, guid: 6dc0e37f76efab64c9d21532cf2fbcbe, type: 3}
  m_Bones:
  - {fileID: 711530017994921872}
  - {fileID: 1095154239386690395}
  - {fileID: 4101478100413214247}
  - {fileID: 1240818913371707427}
  - {fileID: 3088731874409245890}
  - {fileID: 765659409848147282}
  - {fileID: 7096078014559634021}
  - {fileID: 1802482887507806093}
  - {fileID: 4655166482288360753}
  - {fileID: 9222291980585623754}
  - {fileID: 6538334083068544153}
  - {fileID: 5262897894452232692}
  - {fileID: 293733410022217773}
  - {fileID: 2247009165191123350}
  - {fileID: 1973643020218283013}
  - {fileID: 1803701653569682464}
  - {fileID: 6695068191548416397}
  - {fileID: 3021188651782433131}
  - {fileID: 1780624414539254708}
  - {fileID: 3110143633865543762}
  m_BlendShapeWeights: []
  m_RootBone: {fileID: 3088731874409245890}
  m_AABB:
    m_Center: {x: 0.80319464, y: 0.023871914, z: 0.0883623}
    m_Extent: {x: 0.17074758, y: 0.17609753, z: 0.063275896}
  m_DirtyAABB: 0
--- !u!1 &8503999577638603123
GameObject:
  m_ObjectHideFlags: 0
  m_CorrespondingSourceObject: {fileID: 0}
  m_PrefabInstance: {fileID: 0}
  m_PrefabAsset: {fileID: 0}
  serializedVersion: 6
  m_Component:
  - component: {fileID: 4347230415267300505}
  - component: {fileID: 7362290766423552726}
  m_Layer: 12
  m_Name: RKnee
  m_TagString: Untagged
  m_Icon: {fileID: 0}
  m_NavMeshLayer: 0
  m_StaticEditorFlags: 0
  m_IsActive: 1
--- !u!4 &4347230415267300505
Transform:
  m_ObjectHideFlags: 0
  m_CorrespondingSourceObject: {fileID: 0}
  m_PrefabInstance: {fileID: 0}
  m_PrefabAsset: {fileID: 0}
  m_GameObject: {fileID: 8503999577638603123}
  m_LocalRotation: {x: -0.7071068, y: 0, z: -0, w: 0.7071068}
  m_LocalPosition: {x: 0.08979212, y: 0.49490884, z: -0.03963734}
  m_LocalScale: {x: 1, y: 1, z: 1}
  m_Children: []
  m_Father: {fileID: 7310306815048714439}
  m_RootOrder: 13
  m_LocalEulerAnglesHint: {x: 0, y: 0, z: 0}
--- !u!137 &7362290766423552726
SkinnedMeshRenderer:
  m_ObjectHideFlags: 0
  m_CorrespondingSourceObject: {fileID: 0}
  m_PrefabInstance: {fileID: 0}
  m_PrefabAsset: {fileID: 0}
  m_GameObject: {fileID: 8503999577638603123}
  m_Enabled: 1
  m_CastShadows: 1
  m_ReceiveShadows: 1
  m_DynamicOccludee: 1
  m_MotionVectors: 1
  m_LightProbeUsage: 1
  m_ReflectionProbeUsage: 1
  m_RenderingLayerMask: 1
  m_RendererPriority: 0
  m_Materials:
  - {fileID: 2100000, guid: c50b35a7e1edad54ab7cfbbcc7090059, type: 2}
  m_StaticBatchInfo:
    firstSubMesh: 0
    subMeshCount: 0
  m_StaticBatchRoot: {fileID: 0}
  m_ProbeAnchor: {fileID: 0}
  m_LightProbeVolumeOverride: {fileID: 0}
  m_ScaleInLightmap: 1
  m_PreserveUVs: 0
  m_IgnoreNormalsForChartDetection: 0
  m_ImportantGI: 0
  m_StitchLightmapSeams: 0
  m_SelectedEditorRenderState: 3
  m_MinimumChartSize: 4
  m_AutoUVMaxDistance: 0.5
  m_AutoUVMaxAngle: 89
  m_LightmapParameters: {fileID: 0}
  m_SortingLayerID: 0
  m_SortingLayer: 0
  m_SortingOrder: 0
  serializedVersion: 2
  m_Quality: 0
  m_UpdateWhenOffscreen: 0
  m_SkinnedMotionVectors: 1
  m_Mesh: {fileID: 4300012, guid: 6dc0e37f76efab64c9d21532cf2fbcbe, type: 3}
  m_Bones:
  - {fileID: 1802482887507806093}
  - {fileID: 7096078014559634021}
  - {fileID: 711530017994921872}
  - {fileID: 1095154239386690395}
  - {fileID: 4101478100413214247}
  - {fileID: 1240818913371707427}
  - {fileID: 3088731874409245890}
  - {fileID: 765659409848147282}
  - {fileID: 4655166482288360753}
  - {fileID: 9222291980585623754}
  - {fileID: 6538334083068544153}
  - {fileID: 5262897894452232692}
  - {fileID: 293733410022217773}
  - {fileID: 2247009165191123350}
  - {fileID: 1973643020218283013}
  - {fileID: 1803701653569682464}
  - {fileID: 6695068191548416397}
  - {fileID: 3021188651782433131}
  - {fileID: 1780624414539254708}
  - {fileID: 3110143633865543762}
  m_BlendShapeWeights: []
  m_RootBone: {fileID: 3088731874409245890}
  m_AABB:
    m_Center: {x: 0.45652097, y: -0.015729044, z: -0.08992274}
    m_Extent: {x: 0.23385692, y: 0.13080409, z: 0.07608889}
  m_DirtyAABB: 0
--- !u!1 &8832335097045716587
GameObject:
  m_ObjectHideFlags: 0
  m_CorrespondingSourceObject: {fileID: 0}
  m_PrefabInstance: {fileID: 0}
  m_PrefabAsset: {fileID: 0}
  serializedVersion: 6
  m_Component:
  - component: {fileID: 1803701653569682464}
  m_Layer: 12
  m_Name: Base Human001LUpperarm
  m_TagString: Untagged
  m_Icon: {fileID: 0}
  m_NavMeshLayer: 0
  m_StaticEditorFlags: 0
  m_IsActive: 1
--- !u!4 &1803701653569682464
Transform:
  m_ObjectHideFlags: 0
  m_CorrespondingSourceObject: {fileID: 0}
  m_PrefabInstance: {fileID: 0}
  m_PrefabAsset: {fileID: 0}
  m_GameObject: {fileID: 8832335097045716587}
  m_LocalRotation: {x: 0.04705495, y: 0.22413659, z: -0.26219776, w: 0.93744385}
  m_LocalPosition: {x: -0.15999998, y: 0, z: 0}
  m_LocalScale: {x: 1, y: 1, z: 1}
  m_Children:
  - {fileID: 6695068191548416397}
  m_Father: {fileID: 1973643020218283013}
  m_RootOrder: 0
  m_LocalEulerAnglesHint: {x: 0, y: 0, z: 0}
--- !u!1 &8943374097362455370
GameObject:
  m_ObjectHideFlags: 0
  m_CorrespondingSourceObject: {fileID: 0}
  m_PrefabInstance: {fileID: 0}
  m_PrefabAsset: {fileID: 0}
  serializedVersion: 6
  m_Component:
  - component: {fileID: 4346614795852934723}
  m_Layer: 12
  m_Name: Base Human001RDigit23
  m_TagString: Untagged
  m_Icon: {fileID: 0}
  m_NavMeshLayer: 0
  m_StaticEditorFlags: 0
  m_IsActive: 1
--- !u!4 &4346614795852934723
Transform:
  m_ObjectHideFlags: 0
  m_CorrespondingSourceObject: {fileID: 0}
  m_PrefabInstance: {fileID: 0}
  m_PrefabAsset: {fileID: 0}
  m_GameObject: {fileID: 8943374097362455370}
  m_LocalRotation: {x: -0.00000003352765, y: 0.0000000046566204, z: -0.000000007450592,
    w: 1}
  m_LocalPosition: {x: -0.02870573, y: 0, z: 0}
  m_LocalScale: {x: 0.999998, y: 0.999999, z: 1.000002}
  m_Children: []
  m_Father: {fileID: 3670719782471583710}
  m_RootOrder: 0
  m_LocalEulerAnglesHint: {x: 0, y: 0, z: 0}
--- !u!1 &8981781228895635319
GameObject:
  m_ObjectHideFlags: 0
  m_CorrespondingSourceObject: {fileID: 0}
  m_PrefabInstance: {fileID: 0}
  m_PrefabAsset: {fileID: 0}
  serializedVersion: 6
  m_Component:
  - component: {fileID: 8684045305508798338}
  m_Layer: 12
  m_Name: Base Human001LDigit41
  m_TagString: Untagged
  m_Icon: {fileID: 0}
  m_NavMeshLayer: 0
  m_StaticEditorFlags: 0
  m_IsActive: 1
--- !u!4 &8684045305508798338
Transform:
  m_ObjectHideFlags: 0
  m_CorrespondingSourceObject: {fileID: 0}
  m_PrefabInstance: {fileID: 0}
  m_PrefabAsset: {fileID: 0}
  m_GameObject: {fileID: 8981781228895635319}
  m_LocalRotation: {x: -0.04323288, y: -0.005810196, z: 0.13027596, w: 0.99051774}
  m_LocalPosition: {x: -0.10133737, y: -0.0028559875, z: -0.012790279}
  m_LocalScale: {x: 0.999996, y: 1.000003, z: 1.000001}
  m_Children:
  - {fileID: 6693226004982248839}
  m_Father: {fileID: 3021188651782433131}
  m_RootOrder: 3
  m_LocalEulerAnglesHint: {x: 0, y: 0, z: 0}
--- !u!1 &8996886320961233330
GameObject:
  m_ObjectHideFlags: 0
  m_CorrespondingSourceObject: {fileID: 0}
  m_PrefabInstance: {fileID: 0}
  m_PrefabAsset: {fileID: 0}
  serializedVersion: 6
  m_Component:
  - component: {fileID: 8526239702246330159}
  - component: {fileID: 8405812316953228371}
  m_Layer: 12
  m_Name: Chest
  m_TagString: Untagged
  m_Icon: {fileID: 0}
  m_NavMeshLayer: 0
  m_StaticEditorFlags: 0
  m_IsActive: 1
--- !u!4 &8526239702246330159
Transform:
  m_ObjectHideFlags: 0
  m_CorrespondingSourceObject: {fileID: 0}
  m_PrefabInstance: {fileID: 0}
  m_PrefabAsset: {fileID: 0}
  m_GameObject: {fileID: 8996886320961233330}
  m_LocalRotation: {x: -0.7071068, y: 0, z: -0, w: 0.7071068}
  m_LocalPosition: {x: -0.010946718, y: 1.3500087, z: 0.0037931441}
  m_LocalScale: {x: 1, y: 1, z: 1}
  m_Children: []
  m_Father: {fileID: 7310306815048714439}
  m_RootOrder: 3
  m_LocalEulerAnglesHint: {x: 0, y: 0, z: 0}
--- !u!137 &8405812316953228371
SkinnedMeshRenderer:
  m_ObjectHideFlags: 0
  m_CorrespondingSourceObject: {fileID: 0}
  m_PrefabInstance: {fileID: 0}
  m_PrefabAsset: {fileID: 0}
  m_GameObject: {fileID: 8996886320961233330}
  m_Enabled: 1
  m_CastShadows: 1
  m_ReceiveShadows: 1
  m_DynamicOccludee: 1
  m_MotionVectors: 1
  m_LightProbeUsage: 1
  m_ReflectionProbeUsage: 1
  m_RenderingLayerMask: 1
  m_RendererPriority: 0
  m_Materials:
  - {fileID: 2100000, guid: c50b35a7e1edad54ab7cfbbcc7090059, type: 2}
  m_StaticBatchInfo:
    firstSubMesh: 0
    subMeshCount: 0
  m_StaticBatchRoot: {fileID: 0}
  m_ProbeAnchor: {fileID: 0}
  m_LightProbeVolumeOverride: {fileID: 0}
  m_ScaleInLightmap: 1
  m_PreserveUVs: 0
  m_IgnoreNormalsForChartDetection: 0
  m_ImportantGI: 0
  m_StitchLightmapSeams: 0
  m_SelectedEditorRenderState: 3
  m_MinimumChartSize: 4
  m_AutoUVMaxDistance: 0.5
  m_AutoUVMaxAngle: 89
  m_LightmapParameters: {fileID: 0}
  m_SortingLayerID: 0
  m_SortingLayer: 0
  m_SortingOrder: 0
  serializedVersion: 2
  m_Quality: 0
  m_UpdateWhenOffscreen: 0
  m_SkinnedMotionVectors: 1
  m_Mesh: {fileID: 4300004, guid: 6dc0e37f76efab64c9d21532cf2fbcbe, type: 3}
  m_Bones:
  - {fileID: 5309304119755557892}
  - {fileID: 2247009165191123350}
  - {fileID: 1973643020218283013}
  - {fileID: 293733410022217773}
  - {fileID: 5262897894452232692}
  - {fileID: 8594439029603502659}
  - {fileID: 9175179793603625471}
  - {fileID: 6538334083068544153}
  - {fileID: 1803701653569682464}
  - {fileID: 4655166482288360753}
  - {fileID: 1802482887507806093}
  - {fileID: 1095154239386690395}
  - {fileID: 711530017994921872}
  - {fileID: 1240818913371707427}
  - {fileID: 4101478100413214247}
  - {fileID: 9222291980585623754}
  - {fileID: 6695068191548416397}
  - {fileID: 3021188651782433131}
  - {fileID: 3088731874409245890}
  - {fileID: 3110143633865543762}
  - {fileID: 7096078014559634021}
  - {fileID: 7460331522141030153}
  m_BlendShapeWeights: []
  m_RootBone: {fileID: 3088731874409245890}
  m_AABB:
    m_Center: {x: -0.41264936, y: 0.033000946, z: -0.00034683943}
    m_Extent: {x: 0.25775567, y: 0.22828227, z: 0.35291415}
  m_DirtyAABB: 0
--- !u!1 &8997261928149899316
GameObject:
  m_ObjectHideFlags: 0
  m_CorrespondingSourceObject: {fileID: 0}
  m_PrefabInstance: {fileID: 0}
  m_PrefabAsset: {fileID: 0}
  serializedVersion: 6
  m_Component:
  - component: {fileID: 711530017994921872}
  m_Layer: 12
  m_Name: Base Human001LCalf
  m_TagString: Untagged
  m_Icon: {fileID: 0}
  m_NavMeshLayer: 0
  m_StaticEditorFlags: 0
  m_IsActive: 1
--- !u!4 &711530017994921872
Transform:
  m_ObjectHideFlags: 0
  m_CorrespondingSourceObject: {fileID: 0}
  m_PrefabInstance: {fileID: 0}
  m_PrefabAsset: {fileID: 0}
  m_GameObject: {fileID: 8997261928149899316}
  m_LocalRotation: {x: 0.000070355236, y: 0.0013882966, z: 0.11301035, w: 0.99359286}
  m_LocalPosition: {x: -0.44938087, y: 0.0000006173551, z: -0.00000017881393}
  m_LocalScale: {x: 1.000006, y: 0.999993, z: 1}
  m_Children:
  - {fileID: 1095154239386690395}
  m_Father: {fileID: 1240818913371707427}
  m_RootOrder: 0
  m_LocalEulerAnglesHint: {x: 0, y: 0, z: 0}
